%YAML 1.1
%TAG !u! tag:unity3d.com,2011:
--- !u!1 &3767618564931104680
GameObject:
  m_ObjectHideFlags: 0
  m_CorrespondingSourceObject: {fileID: 0}
  m_PrefabInstance: {fileID: 0}
  m_PrefabAsset: {fileID: 0}
  serializedVersion: 6
  m_Component:
  - component: {fileID: 3767618564931104679}
  m_Layer: 0
  m_Name: BoxElement
  m_TagString: Untagged
  m_Icon: {fileID: 0}
  m_NavMeshLayer: 0
  m_StaticEditorFlags: 0
  m_IsActive: 1
--- !u!4 &3767618564931104679
Transform:
  m_ObjectHideFlags: 0
  m_CorrespondingSourceObject: {fileID: 0}
  m_PrefabInstance: {fileID: 0}
  m_PrefabAsset: {fileID: 0}
  m_GameObject: {fileID: 3767618564931104680}
  m_LocalRotation: {x: 0, y: 0, z: 0, w: 1}
  m_LocalPosition: {x: 0, y: 0, z: 0}
  m_LocalScale: {x: 1, y: 1, z: 1}
  m_ConstrainProportionsScale: 0
  m_Children:
  - {fileID: 2526062264062922289}
  - {fileID: 2526062263932759019}
  - {fileID: 2526062262730632652}
  - {fileID: 2526062264564232240}
  - {fileID: 2526062263720720890}
  - {fileID: 2526062263790722021}
  - {fileID: 2526062264178061916}
  - {fileID: 2526062263412880180}
  m_Father: {fileID: 3767618566122692996}
  m_RootOrder: 0
  m_LocalEulerAnglesHint: {x: 0, y: 0, z: 0}
--- !u!1 &3767618566122692998
GameObject:
  m_ObjectHideFlags: 0
  m_CorrespondingSourceObject: {fileID: 0}
  m_PrefabInstance: {fileID: 0}
  m_PrefabAsset: {fileID: 0}
  serializedVersion: 6
  m_Component:
  - component: {fileID: 3767618566122692996}
  - component: {fileID: 3767618566122692997}
  m_Layer: 0
  m_Name: Level26
  m_TagString: Untagged
  m_Icon: {fileID: 0}
  m_NavMeshLayer: 0
  m_StaticEditorFlags: 0
  m_IsActive: 1
--- !u!4 &3767618566122692996
Transform:
  m_ObjectHideFlags: 0
  m_CorrespondingSourceObject: {fileID: 0}
  m_PrefabInstance: {fileID: 0}
  m_PrefabAsset: {fileID: 0}
  m_GameObject: {fileID: 3767618566122692998}
  m_LocalRotation: {x: 0, y: 0, z: 0, w: 1}
  m_LocalPosition: {x: 0, y: 0, z: 0}
  m_LocalScale: {x: 1, y: 1, z: 1}
  m_ConstrainProportionsScale: 0
  m_Children:
  - {fileID: 3767618564931104679}
  m_Father: {fileID: 0}
  m_RootOrder: 0
  m_LocalEulerAnglesHint: {x: 0, y: 0, z: 0}
--- !u!114 &3767618566122692997
MonoBehaviour:
  m_ObjectHideFlags: 0
  m_CorrespondingSourceObject: {fileID: 0}
  m_PrefabInstance: {fileID: 0}
  m_PrefabAsset: {fileID: 0}
  m_GameObject: {fileID: 3767618566122692998}
  m_Enabled: 1
  m_EditorHideFlags: 0
  m_Script: {fileID: 11500000, guid: 4c8469781d93f08499725de263bab331, type: 3}
  m_Name: 
  m_EditorClassIdentifier: 
  id: 26
  _width: 0
  _height: 0
  _center: 0
  skinContainer: {fileID: 11400000, guid: 3aefcb2eb84a5714fa457399f99fcd6e, type: 2}
  listBoxElement:
  - {fileID: 8288446134617151018}
  - {fileID: 8288446134487544816}
  - {fileID: 8288446133827139031}
  - {fileID: 8288446134049007659}
  - {fileID: 8288446134817022433}
  - {fileID: 8288446134887515134}
  - {fileID: 8288446134200298055}
  - {fileID: 8288446132893494063}
  timeDuration: 0
--- !u!1001 &3767618564979890938
PrefabInstance:
  m_ObjectHideFlags: 0
  serializedVersion: 2
  m_Modification:
    m_TransformParent: {fileID: 3767618564931104679}
    m_Modifications:
    - target: {fileID: 1677350211307974929, guid: c7ee23302dc5b89488e2193d7a4342d6, type: 3}
      propertyPath: m_RootOrder
      value: 1
      objectReference: {fileID: 0}
    - target: {fileID: 1677350211307974929, guid: c7ee23302dc5b89488e2193d7a4342d6, type: 3}
      propertyPath: m_LocalPosition.x
      value: -0.01999998
      objectReference: {fileID: 0}
    - target: {fileID: 1677350211307974929, guid: c7ee23302dc5b89488e2193d7a4342d6, type: 3}
      propertyPath: m_LocalPosition.y
      value: 5.23
      objectReference: {fileID: 0}
    - target: {fileID: 1677350211307974929, guid: c7ee23302dc5b89488e2193d7a4342d6, type: 3}
      propertyPath: m_LocalPosition.z
      value: 0.015432618
      objectReference: {fileID: 0}
    - target: {fileID: 1677350211307974929, guid: c7ee23302dc5b89488e2193d7a4342d6, type: 3}
      propertyPath: m_LocalRotation.w
      value: 1
      objectReference: {fileID: 0}
    - target: {fileID: 1677350211307974929, guid: c7ee23302dc5b89488e2193d7a4342d6, type: 3}
      propertyPath: m_LocalRotation.x
      value: -0
      objectReference: {fileID: 0}
    - target: {fileID: 1677350211307974929, guid: c7ee23302dc5b89488e2193d7a4342d6, type: 3}
      propertyPath: m_LocalRotation.y
      value: -0
      objectReference: {fileID: 0}
    - target: {fileID: 1677350211307974929, guid: c7ee23302dc5b89488e2193d7a4342d6, type: 3}
      propertyPath: m_LocalRotation.z
      value: -0
      objectReference: {fileID: 0}
    - target: {fileID: 1677350211307974929, guid: c7ee23302dc5b89488e2193d7a4342d6, type: 3}
      propertyPath: m_LocalEulerAnglesHint.x
      value: 0
      objectReference: {fileID: 0}
    - target: {fileID: 1677350211307974929, guid: c7ee23302dc5b89488e2193d7a4342d6, type: 3}
      propertyPath: m_LocalEulerAnglesHint.y
      value: 0
      objectReference: {fileID: 0}
    - target: {fileID: 1677350211307974929, guid: c7ee23302dc5b89488e2193d7a4342d6, type: 3}
      propertyPath: m_LocalEulerAnglesHint.z
      value: 0
      objectReference: {fileID: 0}
    - target: {fileID: 1681205078675047828, guid: c7ee23302dc5b89488e2193d7a4342d6, type: 3}
      propertyPath: m_LocalPosition.x
      value: -0.75
      objectReference: {fileID: 0}
    - target: {fileID: 2021260322182032299, guid: c7ee23302dc5b89488e2193d7a4342d6, type: 3}
      propertyPath: m_Name
      value: Box (1)
      objectReference: {fileID: 0}
    - target: {fileID: 3623126691136758966, guid: c7ee23302dc5b89488e2193d7a4342d6, type: 3}
      propertyPath: m_LocalPosition.y
      value: 0
      objectReference: {fileID: 0}
    - target: {fileID: 5138392529088932106, guid: c7ee23302dc5b89488e2193d7a4342d6, type: 3}
      propertyPath: id
      value: 1
      objectReference: {fileID: 0}
    - target: {fileID: 5138392529088932106, guid: c7ee23302dc5b89488e2193d7a4342d6, type: 3}
      propertyPath: direction
      value: 1
      objectReference: {fileID: 0}
    - target: {fileID: 8491353068940398826, guid: c7ee23302dc5b89488e2193d7a4342d6, type: 3}
      propertyPath: id
      value: 1
      objectReference: {fileID: 0}
    m_RemovedComponents: []
  m_SourcePrefab: {fileID: 100100000, guid: c7ee23302dc5b89488e2193d7a4342d6, type: 3}
--- !u!4 &2526062263932759019 stripped
Transform:
  m_CorrespondingSourceObject: {fileID: 1677350211307974929, guid: c7ee23302dc5b89488e2193d7a4342d6, type: 3}
  m_PrefabInstance: {fileID: 3767618564979890938}
  m_PrefabAsset: {fileID: 0}
--- !u!114 &8288446134487544816 stripped
MonoBehaviour:
  m_CorrespondingSourceObject: {fileID: 5138392529088932106, guid: c7ee23302dc5b89488e2193d7a4342d6, type: 3}
  m_PrefabInstance: {fileID: 3767618564979890938}
  m_PrefabAsset: {fileID: 0}
  m_GameObject: {fileID: 0}
  m_Enabled: 1
  m_EditorHideFlags: 0
  m_Script: {fileID: 11500000, guid: f74bb796b11724f4b95a0b9a682c7754, type: 3}
  m_Name: 
  m_EditorClassIdentifier: 
--- !u!1001 &3767618565057976286
PrefabInstance:
  m_ObjectHideFlags: 0
  serializedVersion: 2
  m_Modification:
    m_TransformParent: {fileID: 2230800702763110362}
    m_Modifications:
    - target: {fileID: 5945018544434771847, guid: e649002e2d0ef6743adf44d24b201d80, type: 3}
      propertyPath: m_Name
      value: Cocktail A
      objectReference: {fileID: 0}
    - target: {fileID: 5945018544434771847, guid: e649002e2d0ef6743adf44d24b201d80, type: 3}
      propertyPath: m_IsActive
      value: 0
      objectReference: {fileID: 0}
    - target: {fileID: 6470303165464227133, guid: e649002e2d0ef6743adf44d24b201d80, type: 3}
      propertyPath: m_RootOrder
      value: 0
      objectReference: {fileID: 0}
    - target: {fileID: 6470303165464227133, guid: e649002e2d0ef6743adf44d24b201d80, type: 3}
      propertyPath: m_LocalPosition.x
      value: -0
      objectReference: {fileID: 0}
    - target: {fileID: 6470303165464227133, guid: e649002e2d0ef6743adf44d24b201d80, type: 3}
      propertyPath: m_LocalPosition.y
      value: 0
      objectReference: {fileID: 0}
    - target: {fileID: 6470303165464227133, guid: e649002e2d0ef6743adf44d24b201d80, type: 3}
      propertyPath: m_LocalPosition.z
      value: 0
      objectReference: {fileID: 0}
    - target: {fileID: 6470303165464227133, guid: e649002e2d0ef6743adf44d24b201d80, type: 3}
      propertyPath: m_LocalRotation.w
      value: 1
      objectReference: {fileID: 0}
    - target: {fileID: 6470303165464227133, guid: e649002e2d0ef6743adf44d24b201d80, type: 3}
      propertyPath: m_LocalRotation.x
      value: 0
      objectReference: {fileID: 0}
    - target: {fileID: 6470303165464227133, guid: e649002e2d0ef6743adf44d24b201d80, type: 3}
      propertyPath: m_LocalRotation.y
      value: -0
      objectReference: {fileID: 0}
    - target: {fileID: 6470303165464227133, guid: e649002e2d0ef6743adf44d24b201d80, type: 3}
      propertyPath: m_LocalRotation.z
      value: -0
      objectReference: {fileID: 0}
    - target: {fileID: 6470303165464227133, guid: e649002e2d0ef6743adf44d24b201d80, type: 3}
      propertyPath: m_LocalEulerAnglesHint.x
      value: 0
      objectReference: {fileID: 0}
    - target: {fileID: 6470303165464227133, guid: e649002e2d0ef6743adf44d24b201d80, type: 3}
      propertyPath: m_LocalEulerAnglesHint.y
      value: 0
      objectReference: {fileID: 0}
    - target: {fileID: 6470303165464227133, guid: e649002e2d0ef6743adf44d24b201d80, type: 3}
      propertyPath: m_LocalEulerAnglesHint.z
      value: 0
      objectReference: {fileID: 0}
    m_RemovedComponents: []
  m_SourcePrefab: {fileID: 100100000, guid: e649002e2d0ef6743adf44d24b201d80, type: 3}
--- !u!1001 &3767618565084905248
PrefabInstance:
  m_ObjectHideFlags: 0
  serializedVersion: 2
  m_Modification:
    m_TransformParent: {fileID: 3767618564931104679}
    m_Modifications:
    - target: {fileID: 1677350211307974929, guid: c7ee23302dc5b89488e2193d7a4342d6, type: 3}
      propertyPath: m_RootOrder
      value: 0
      objectReference: {fileID: 0}
    - target: {fileID: 1677350211307974929, guid: c7ee23302dc5b89488e2193d7a4342d6, type: 3}
      propertyPath: m_LocalPosition.x
      value: -2.56
      objectReference: {fileID: 0}
    - target: {fileID: 1677350211307974929, guid: c7ee23302dc5b89488e2193d7a4342d6, type: 3}
      propertyPath: m_LocalPosition.y
      value: 3.487
      objectReference: {fileID: 0}
    - target: {fileID: 1677350211307974929, guid: c7ee23302dc5b89488e2193d7a4342d6, type: 3}
      propertyPath: m_LocalPosition.z
      value: 0.015432618
      objectReference: {fileID: 0}
    - target: {fileID: 1677350211307974929, guid: c7ee23302dc5b89488e2193d7a4342d6, type: 3}
      propertyPath: m_LocalRotation.w
      value: 1
      objectReference: {fileID: 0}
    - target: {fileID: 1677350211307974929, guid: c7ee23302dc5b89488e2193d7a4342d6, type: 3}
      propertyPath: m_LocalRotation.x
      value: -0
      objectReference: {fileID: 0}
    - target: {fileID: 1677350211307974929, guid: c7ee23302dc5b89488e2193d7a4342d6, type: 3}
      propertyPath: m_LocalRotation.y
      value: -0
      objectReference: {fileID: 0}
    - target: {fileID: 1677350211307974929, guid: c7ee23302dc5b89488e2193d7a4342d6, type: 3}
      propertyPath: m_LocalRotation.z
      value: -0
      objectReference: {fileID: 0}
    - target: {fileID: 1677350211307974929, guid: c7ee23302dc5b89488e2193d7a4342d6, type: 3}
      propertyPath: m_LocalEulerAnglesHint.x
      value: 0
      objectReference: {fileID: 0}
    - target: {fileID: 1677350211307974929, guid: c7ee23302dc5b89488e2193d7a4342d6, type: 3}
      propertyPath: m_LocalEulerAnglesHint.y
      value: 0
      objectReference: {fileID: 0}
    - target: {fileID: 1677350211307974929, guid: c7ee23302dc5b89488e2193d7a4342d6, type: 3}
      propertyPath: m_LocalEulerAnglesHint.z
      value: 0
      objectReference: {fileID: 0}
    - target: {fileID: 2021260322182032299, guid: c7ee23302dc5b89488e2193d7a4342d6, type: 3}
      propertyPath: m_Name
      value: Box
      objectReference: {fileID: 0}
    - target: {fileID: 8491353068940398826, guid: c7ee23302dc5b89488e2193d7a4342d6, type: 3}
      propertyPath: id
      value: 0
      objectReference: {fileID: 0}
    m_RemovedComponents: []
  m_SourcePrefab: {fileID: 100100000, guid: c7ee23302dc5b89488e2193d7a4342d6, type: 3}
--- !u!4 &1098524589719539906 stripped
Transform:
  m_CorrespondingSourceObject: {fileID: 4285169911989186530, guid: c7ee23302dc5b89488e2193d7a4342d6, type: 3}
  m_PrefabInstance: {fileID: 3767618565084905248}
  m_PrefabAsset: {fileID: 0}
--- !u!4 &2230800702763110362 stripped
Transform:
  m_CorrespondingSourceObject: {fileID: 3079371931861807354, guid: c7ee23302dc5b89488e2193d7a4342d6, type: 3}
  m_PrefabInstance: {fileID: 3767618565084905248}
  m_PrefabAsset: {fileID: 0}
--- !u!4 &2526062264062922289 stripped
Transform:
  m_CorrespondingSourceObject: {fileID: 1677350211307974929, guid: c7ee23302dc5b89488e2193d7a4342d6, type: 3}
  m_PrefabInstance: {fileID: 3767618565084905248}
  m_PrefabAsset: {fileID: 0}
--- !u!4 &2530339107638295220 stripped
Transform:
  m_CorrespondingSourceObject: {fileID: 1681205078675047828, guid: c7ee23302dc5b89488e2193d7a4342d6, type: 3}
  m_PrefabInstance: {fileID: 3767618565084905248}
  m_PrefabAsset: {fileID: 0}
--- !u!4 &4133865218192412783 stripped
Transform:
  m_CorrespondingSourceObject: {fileID: 943281591268863823, guid: c7ee23302dc5b89488e2193d7a4342d6, type: 3}
  m_PrefabInstance: {fileID: 3767618565084905248}
  m_PrefabAsset: {fileID: 0}
--- !u!4 &7482156247817685797 stripped
Transform:
  m_CorrespondingSourceObject: {fileID: 6024884364723745797, guid: c7ee23302dc5b89488e2193d7a4342d6, type: 3}
  m_PrefabInstance: {fileID: 3767618565084905248}
  m_PrefabAsset: {fileID: 0}
--- !u!114 &8288446134617151018 stripped
MonoBehaviour:
  m_CorrespondingSourceObject: {fileID: 5138392529088932106, guid: c7ee23302dc5b89488e2193d7a4342d6, type: 3}
  m_PrefabInstance: {fileID: 3767618565084905248}
  m_PrefabAsset: {fileID: 0}
  m_GameObject: {fileID: 0}
  m_Enabled: 1
  m_EditorHideFlags: 0
  m_Script: {fileID: 11500000, guid: f74bb796b11724f4b95a0b9a682c7754, type: 3}
  m_Name: 
  m_EditorClassIdentifier: 
--- !u!1001 &3767618565157914859
PrefabInstance:
  m_ObjectHideFlags: 0
  serializedVersion: 2
  m_Modification:
    m_TransformParent: {fileID: 3767618564931104679}
    m_Modifications:
    - target: {fileID: 1677350211307974929, guid: c7ee23302dc5b89488e2193d7a4342d6, type: 3}
      propertyPath: m_RootOrder
      value: 4
      objectReference: {fileID: 0}
    - target: {fileID: 1677350211307974929, guid: c7ee23302dc5b89488e2193d7a4342d6, type: 3}
      propertyPath: m_LocalPosition.x
      value: -0.01999998
      objectReference: {fileID: 0}
    - target: {fileID: 1677350211307974929, guid: c7ee23302dc5b89488e2193d7a4342d6, type: 3}
      propertyPath: m_LocalPosition.y
      value: 8.7300005
      objectReference: {fileID: 0}
    - target: {fileID: 1677350211307974929, guid: c7ee23302dc5b89488e2193d7a4342d6, type: 3}
      propertyPath: m_LocalPosition.z
      value: 0.015432618
      objectReference: {fileID: 0}
    - target: {fileID: 1677350211307974929, guid: c7ee23302dc5b89488e2193d7a4342d6, type: 3}
      propertyPath: m_LocalRotation.w
      value: 1
      objectReference: {fileID: 0}
    - target: {fileID: 1677350211307974929, guid: c7ee23302dc5b89488e2193d7a4342d6, type: 3}
      propertyPath: m_LocalRotation.x
      value: -0
      objectReference: {fileID: 0}
    - target: {fileID: 1677350211307974929, guid: c7ee23302dc5b89488e2193d7a4342d6, type: 3}
      propertyPath: m_LocalRotation.y
      value: -0
      objectReference: {fileID: 0}
    - target: {fileID: 1677350211307974929, guid: c7ee23302dc5b89488e2193d7a4342d6, type: 3}
      propertyPath: m_LocalRotation.z
      value: -0
      objectReference: {fileID: 0}
    - target: {fileID: 1677350211307974929, guid: c7ee23302dc5b89488e2193d7a4342d6, type: 3}
      propertyPath: m_LocalEulerAnglesHint.x
      value: 0
      objectReference: {fileID: 0}
    - target: {fileID: 1677350211307974929, guid: c7ee23302dc5b89488e2193d7a4342d6, type: 3}
      propertyPath: m_LocalEulerAnglesHint.y
      value: 0
      objectReference: {fileID: 0}
    - target: {fileID: 1677350211307974929, guid: c7ee23302dc5b89488e2193d7a4342d6, type: 3}
      propertyPath: m_LocalEulerAnglesHint.z
      value: 0
      objectReference: {fileID: 0}
    - target: {fileID: 2021260322182032299, guid: c7ee23302dc5b89488e2193d7a4342d6, type: 3}
      propertyPath: m_Name
      value: Box (3)
      objectReference: {fileID: 0}
    - target: {fileID: 5138392529088932106, guid: c7ee23302dc5b89488e2193d7a4342d6, type: 3}
      propertyPath: id
      value: 4
      objectReference: {fileID: 0}
    - target: {fileID: 5138392529088932106, guid: c7ee23302dc5b89488e2193d7a4342d6, type: 3}
      propertyPath: direction
      value: 1
      objectReference: {fileID: 0}
    - target: {fileID: 8491353068940398826, guid: c7ee23302dc5b89488e2193d7a4342d6, type: 3}
      propertyPath: id
      value: 4
      objectReference: {fileID: 0}
    m_RemovedComponents: []
  m_SourcePrefab: {fileID: 100100000, guid: c7ee23302dc5b89488e2193d7a4342d6, type: 3}
--- !u!4 &2526062263720720890 stripped
Transform:
  m_CorrespondingSourceObject: {fileID: 1677350211307974929, guid: c7ee23302dc5b89488e2193d7a4342d6, type: 3}
  m_PrefabInstance: {fileID: 3767618565157914859}
  m_PrefabAsset: {fileID: 0}
--- !u!114 &8288446134817022433 stripped
MonoBehaviour:
  m_CorrespondingSourceObject: {fileID: 5138392529088932106, guid: c7ee23302dc5b89488e2193d7a4342d6, type: 3}
  m_PrefabInstance: {fileID: 3767618565157914859}
  m_PrefabAsset: {fileID: 0}
  m_GameObject: {fileID: 0}
  m_Enabled: 1
  m_EditorHideFlags: 0
  m_Script: {fileID: 11500000, guid: f74bb796b11724f4b95a0b9a682c7754, type: 3}
  m_Name: 
  m_EditorClassIdentifier: 
--- !u!1001 &3767618565294940716
PrefabInstance:
  m_ObjectHideFlags: 0
  serializedVersion: 2
  m_Modification:
    m_TransformParent: {fileID: 2530339107638295220}
    m_Modifications:
    - target: {fileID: 5945018544434771847, guid: e649002e2d0ef6743adf44d24b201d80, type: 3}
      propertyPath: m_Name
      value: Cocktail A
      objectReference: {fileID: 0}
    - target: {fileID: 5945018544434771847, guid: e649002e2d0ef6743adf44d24b201d80, type: 3}
      propertyPath: m_IsActive
      value: 0
      objectReference: {fileID: 0}
    - target: {fileID: 6470303165464227133, guid: e649002e2d0ef6743adf44d24b201d80, type: 3}
      propertyPath: m_RootOrder
      value: 0
      objectReference: {fileID: 0}
    - target: {fileID: 6470303165464227133, guid: e649002e2d0ef6743adf44d24b201d80, type: 3}
      propertyPath: m_LocalPosition.x
      value: -0
      objectReference: {fileID: 0}
    - target: {fileID: 6470303165464227133, guid: e649002e2d0ef6743adf44d24b201d80, type: 3}
      propertyPath: m_LocalPosition.y
      value: 0
      objectReference: {fileID: 0}
    - target: {fileID: 6470303165464227133, guid: e649002e2d0ef6743adf44d24b201d80, type: 3}
      propertyPath: m_LocalPosition.z
      value: 0
      objectReference: {fileID: 0}
    - target: {fileID: 6470303165464227133, guid: e649002e2d0ef6743adf44d24b201d80, type: 3}
      propertyPath: m_LocalRotation.w
      value: 1
      objectReference: {fileID: 0}
    - target: {fileID: 6470303165464227133, guid: e649002e2d0ef6743adf44d24b201d80, type: 3}
      propertyPath: m_LocalRotation.x
      value: 0
      objectReference: {fileID: 0}
    - target: {fileID: 6470303165464227133, guid: e649002e2d0ef6743adf44d24b201d80, type: 3}
      propertyPath: m_LocalRotation.y
      value: -0
      objectReference: {fileID: 0}
    - target: {fileID: 6470303165464227133, guid: e649002e2d0ef6743adf44d24b201d80, type: 3}
      propertyPath: m_LocalRotation.z
      value: -0
      objectReference: {fileID: 0}
    - target: {fileID: 6470303165464227133, guid: e649002e2d0ef6743adf44d24b201d80, type: 3}
      propertyPath: m_LocalEulerAnglesHint.x
      value: 0
      objectReference: {fileID: 0}
    - target: {fileID: 6470303165464227133, guid: e649002e2d0ef6743adf44d24b201d80, type: 3}
      propertyPath: m_LocalEulerAnglesHint.y
      value: 0
      objectReference: {fileID: 0}
    - target: {fileID: 6470303165464227133, guid: e649002e2d0ef6743adf44d24b201d80, type: 3}
      propertyPath: m_LocalEulerAnglesHint.z
      value: 0
      objectReference: {fileID: 0}
    m_RemovedComponents: []
  m_SourcePrefab: {fileID: 100100000, guid: e649002e2d0ef6743adf44d24b201d80, type: 3}
--- !u!1001 &3767618565355858676
PrefabInstance:
  m_ObjectHideFlags: 0
  serializedVersion: 2
  m_Modification:
    m_TransformParent: {fileID: 3767618564931104679}
    m_Modifications:
    - target: {fileID: 1677350211307974929, guid: c7ee23302dc5b89488e2193d7a4342d6, type: 3}
      propertyPath: m_RootOrder
      value: 5
      objectReference: {fileID: 0}
    - target: {fileID: 1677350211307974929, guid: c7ee23302dc5b89488e2193d7a4342d6, type: 3}
      propertyPath: m_LocalPosition.x
      value: 2.53
      objectReference: {fileID: 0}
    - target: {fileID: 1677350211307974929, guid: c7ee23302dc5b89488e2193d7a4342d6, type: 3}
      propertyPath: m_LocalPosition.y
      value: 6.97
      objectReference: {fileID: 0}
    - target: {fileID: 1677350211307974929, guid: c7ee23302dc5b89488e2193d7a4342d6, type: 3}
      propertyPath: m_LocalPosition.z
      value: 0.015432618
      objectReference: {fileID: 0}
    - target: {fileID: 1677350211307974929, guid: c7ee23302dc5b89488e2193d7a4342d6, type: 3}
      propertyPath: m_LocalRotation.w
      value: 1
      objectReference: {fileID: 0}
    - target: {fileID: 1677350211307974929, guid: c7ee23302dc5b89488e2193d7a4342d6, type: 3}
      propertyPath: m_LocalRotation.x
      value: -0
      objectReference: {fileID: 0}
    - target: {fileID: 1677350211307974929, guid: c7ee23302dc5b89488e2193d7a4342d6, type: 3}
      propertyPath: m_LocalRotation.y
      value: -0
      objectReference: {fileID: 0}
    - target: {fileID: 1677350211307974929, guid: c7ee23302dc5b89488e2193d7a4342d6, type: 3}
      propertyPath: m_LocalRotation.z
      value: -0
      objectReference: {fileID: 0}
    - target: {fileID: 1677350211307974929, guid: c7ee23302dc5b89488e2193d7a4342d6, type: 3}
      propertyPath: m_LocalEulerAnglesHint.x
      value: 0
      objectReference: {fileID: 0}
    - target: {fileID: 1677350211307974929, guid: c7ee23302dc5b89488e2193d7a4342d6, type: 3}
      propertyPath: m_LocalEulerAnglesHint.y
      value: 0
      objectReference: {fileID: 0}
    - target: {fileID: 1677350211307974929, guid: c7ee23302dc5b89488e2193d7a4342d6, type: 3}
      propertyPath: m_LocalEulerAnglesHint.z
      value: 0
      objectReference: {fileID: 0}
    - target: {fileID: 2021260322182032299, guid: c7ee23302dc5b89488e2193d7a4342d6, type: 3}
      propertyPath: m_Name
      value: Box (5)
      objectReference: {fileID: 0}
    - target: {fileID: 5138392529088932106, guid: c7ee23302dc5b89488e2193d7a4342d6, type: 3}
      propertyPath: id
      value: 5
      objectReference: {fileID: 0}
    - target: {fileID: 5138392529088932106, guid: c7ee23302dc5b89488e2193d7a4342d6, type: 3}
      propertyPath: direction
      value: 2
      objectReference: {fileID: 0}
    - target: {fileID: 8491353068940398826, guid: c7ee23302dc5b89488e2193d7a4342d6, type: 3}
      propertyPath: id
      value: 5
      objectReference: {fileID: 0}
    m_RemovedComponents: []
  m_SourcePrefab: {fileID: 100100000, guid: c7ee23302dc5b89488e2193d7a4342d6, type: 3}
--- !u!4 &2526062263790722021 stripped
Transform:
  m_CorrespondingSourceObject: {fileID: 1677350211307974929, guid: c7ee23302dc5b89488e2193d7a4342d6, type: 3}
  m_PrefabInstance: {fileID: 3767618565355858676}
  m_PrefabAsset: {fileID: 0}
--- !u!114 &8288446134887515134 stripped
MonoBehaviour:
  m_CorrespondingSourceObject: {fileID: 5138392529088932106, guid: c7ee23302dc5b89488e2193d7a4342d6, type: 3}
  m_PrefabInstance: {fileID: 3767618565355858676}
  m_PrefabAsset: {fileID: 0}
  m_GameObject: {fileID: 0}
  m_Enabled: 1
  m_EditorHideFlags: 0
  m_Script: {fileID: 11500000, guid: f74bb796b11724f4b95a0b9a682c7754, type: 3}
  m_Name: 
  m_EditorClassIdentifier: 
--- !u!1001 &3767618565456167201
PrefabInstance:
  m_ObjectHideFlags: 0
  serializedVersion: 2
  m_Modification:
    m_TransformParent: {fileID: 3767618564931104679}
    m_Modifications:
    - target: {fileID: 1677350211307974929, guid: c7ee23302dc5b89488e2193d7a4342d6, type: 3}
      propertyPath: m_RootOrder
      value: 3
      objectReference: {fileID: 0}
    - target: {fileID: 1677350211307974929, guid: c7ee23302dc5b89488e2193d7a4342d6, type: 3}
      propertyPath: m_LocalPosition.x
      value: -2.56
      objectReference: {fileID: 0}
    - target: {fileID: 1677350211307974929, guid: c7ee23302dc5b89488e2193d7a4342d6, type: 3}
      propertyPath: m_LocalPosition.y
      value: 6.97
      objectReference: {fileID: 0}
    - target: {fileID: 1677350211307974929, guid: c7ee23302dc5b89488e2193d7a4342d6, type: 3}
      propertyPath: m_LocalPosition.z
      value: 0.015432618
      objectReference: {fileID: 0}
    - target: {fileID: 1677350211307974929, guid: c7ee23302dc5b89488e2193d7a4342d6, type: 3}
      propertyPath: m_LocalRotation.w
      value: 1
      objectReference: {fileID: 0}
    - target: {fileID: 1677350211307974929, guid: c7ee23302dc5b89488e2193d7a4342d6, type: 3}
      propertyPath: m_LocalRotation.x
      value: -0
      objectReference: {fileID: 0}
    - target: {fileID: 1677350211307974929, guid: c7ee23302dc5b89488e2193d7a4342d6, type: 3}
      propertyPath: m_LocalRotation.y
      value: -0
      objectReference: {fileID: 0}
    - target: {fileID: 1677350211307974929, guid: c7ee23302dc5b89488e2193d7a4342d6, type: 3}
      propertyPath: m_LocalRotation.z
      value: -0
      objectReference: {fileID: 0}
    - target: {fileID: 1677350211307974929, guid: c7ee23302dc5b89488e2193d7a4342d6, type: 3}
      propertyPath: m_LocalEulerAnglesHint.x
      value: 0
      objectReference: {fileID: 0}
    - target: {fileID: 1677350211307974929, guid: c7ee23302dc5b89488e2193d7a4342d6, type: 3}
      propertyPath: m_LocalEulerAnglesHint.y
      value: 0
      objectReference: {fileID: 0}
    - target: {fileID: 1677350211307974929, guid: c7ee23302dc5b89488e2193d7a4342d6, type: 3}
      propertyPath: m_LocalEulerAnglesHint.z
      value: 0
      objectReference: {fileID: 0}
    - target: {fileID: 2021260322182032299, guid: c7ee23302dc5b89488e2193d7a4342d6, type: 3}
      propertyPath: m_Name
      value: Box (4)
      objectReference: {fileID: 0}
    - target: {fileID: 5138392529088932106, guid: c7ee23302dc5b89488e2193d7a4342d6, type: 3}
      propertyPath: id
      value: 3
      objectReference: {fileID: 0}
    - target: {fileID: 8491353068940398826, guid: c7ee23302dc5b89488e2193d7a4342d6, type: 3}
      propertyPath: id
      value: 3
      objectReference: {fileID: 0}
    m_RemovedComponents: []
  m_SourcePrefab: {fileID: 100100000, guid: c7ee23302dc5b89488e2193d7a4342d6, type: 3}
--- !u!4 &2526062264564232240 stripped
Transform:
  m_CorrespondingSourceObject: {fileID: 1677350211307974929, guid: c7ee23302dc5b89488e2193d7a4342d6, type: 3}
  m_PrefabInstance: {fileID: 3767618565456167201}
  m_PrefabAsset: {fileID: 0}
--- !u!114 &8288446134049007659 stripped
MonoBehaviour:
  m_CorrespondingSourceObject: {fileID: 5138392529088932106, guid: c7ee23302dc5b89488e2193d7a4342d6, type: 3}
  m_PrefabInstance: {fileID: 3767618565456167201}
  m_PrefabAsset: {fileID: 0}
  m_GameObject: {fileID: 0}
  m_Enabled: 1
  m_EditorHideFlags: 0
  m_Script: {fileID: 11500000, guid: f74bb796b11724f4b95a0b9a682c7754, type: 3}
  m_Name: 
  m_EditorClassIdentifier: 
--- !u!1001 &3767618565741085517
PrefabInstance:
  m_ObjectHideFlags: 0
  serializedVersion: 2
  m_Modification:
    m_TransformParent: {fileID: 3767618564931104679}
    m_Modifications:
    - target: {fileID: 1677350211307974929, guid: c7ee23302dc5b89488e2193d7a4342d6, type: 3}
      propertyPath: m_RootOrder
      value: 6
      objectReference: {fileID: 0}
    - target: {fileID: 1677350211307974929, guid: c7ee23302dc5b89488e2193d7a4342d6, type: 3}
      propertyPath: m_LocalPosition.x
      value: -2.56
      objectReference: {fileID: 0}
    - target: {fileID: 1677350211307974929, guid: c7ee23302dc5b89488e2193d7a4342d6, type: 3}
      propertyPath: m_LocalPosition.y
      value: 1.7400002
      objectReference: {fileID: 0}
    - target: {fileID: 1677350211307974929, guid: c7ee23302dc5b89488e2193d7a4342d6, type: 3}
      propertyPath: m_LocalPosition.z
      value: 0.015432618
      objectReference: {fileID: 0}
    - target: {fileID: 1677350211307974929, guid: c7ee23302dc5b89488e2193d7a4342d6, type: 3}
      propertyPath: m_LocalRotation.w
      value: 1
      objectReference: {fileID: 0}
    - target: {fileID: 1677350211307974929, guid: c7ee23302dc5b89488e2193d7a4342d6, type: 3}
      propertyPath: m_LocalRotation.x
      value: -0
      objectReference: {fileID: 0}
    - target: {fileID: 1677350211307974929, guid: c7ee23302dc5b89488e2193d7a4342d6, type: 3}
      propertyPath: m_LocalRotation.y
      value: -0
      objectReference: {fileID: 0}
    - target: {fileID: 1677350211307974929, guid: c7ee23302dc5b89488e2193d7a4342d6, type: 3}
      propertyPath: m_LocalRotation.z
      value: -0
      objectReference: {fileID: 0}
    - target: {fileID: 1677350211307974929, guid: c7ee23302dc5b89488e2193d7a4342d6, type: 3}
      propertyPath: m_LocalEulerAnglesHint.x
      value: 0
      objectReference: {fileID: 0}
    - target: {fileID: 1677350211307974929, guid: c7ee23302dc5b89488e2193d7a4342d6, type: 3}
      propertyPath: m_LocalEulerAnglesHint.y
      value: 0
      objectReference: {fileID: 0}
    - target: {fileID: 1677350211307974929, guid: c7ee23302dc5b89488e2193d7a4342d6, type: 3}
      propertyPath: m_LocalEulerAnglesHint.z
      value: 0
      objectReference: {fileID: 0}
    - target: {fileID: 2021260322182032299, guid: c7ee23302dc5b89488e2193d7a4342d6, type: 3}
      propertyPath: m_Name
      value: Box (8)
      objectReference: {fileID: 0}
    - target: {fileID: 5138392529088932106, guid: c7ee23302dc5b89488e2193d7a4342d6, type: 3}
      propertyPath: id
      value: 6
      objectReference: {fileID: 0}
    - target: {fileID: 8491353068940398826, guid: c7ee23302dc5b89488e2193d7a4342d6, type: 3}
      propertyPath: id
      value: 6
      objectReference: {fileID: 0}
    m_RemovedComponents: []
  m_SourcePrefab: {fileID: 100100000, guid: c7ee23302dc5b89488e2193d7a4342d6, type: 3}
--- !u!4 &2526062264178061916 stripped
Transform:
  m_CorrespondingSourceObject: {fileID: 1677350211307974929, guid: c7ee23302dc5b89488e2193d7a4342d6, type: 3}
  m_PrefabInstance: {fileID: 3767618565741085517}
  m_PrefabAsset: {fileID: 0}
--- !u!114 &8288446134200298055 stripped
MonoBehaviour:
  m_CorrespondingSourceObject: {fileID: 5138392529088932106, guid: c7ee23302dc5b89488e2193d7a4342d6, type: 3}
  m_PrefabInstance: {fileID: 3767618565741085517}
  m_PrefabAsset: {fileID: 0}
  m_GameObject: {fileID: 0}
  m_Enabled: 1
  m_EditorHideFlags: 0
  m_Script: {fileID: 11500000, guid: f74bb796b11724f4b95a0b9a682c7754, type: 3}
  m_Name: 
  m_EditorClassIdentifier: 
--- !u!1001 &3767618566350905140
PrefabInstance:
  m_ObjectHideFlags: 0
  serializedVersion: 2
  m_Modification:
    m_TransformParent: {fileID: 1098524589719539906}
    m_Modifications:
    - target: {fileID: 4987368742775660851, guid: c2ea3643fc363154cbbb2caceda7c080, type: 3}
      propertyPath: m_RootOrder
      value: 0
      objectReference: {fileID: 0}
    - target: {fileID: 4987368742775660851, guid: c2ea3643fc363154cbbb2caceda7c080, type: 3}
      propertyPath: m_LocalPosition.x
      value: -0
      objectReference: {fileID: 0}
    - target: {fileID: 4987368742775660851, guid: c2ea3643fc363154cbbb2caceda7c080, type: 3}
      propertyPath: m_LocalPosition.y
      value: 0
      objectReference: {fileID: 0}
    - target: {fileID: 4987368742775660851, guid: c2ea3643fc363154cbbb2caceda7c080, type: 3}
      propertyPath: m_LocalPosition.z
      value: 0
      objectReference: {fileID: 0}
    - target: {fileID: 4987368742775660851, guid: c2ea3643fc363154cbbb2caceda7c080, type: 3}
      propertyPath: m_LocalRotation.w
      value: 1
      objectReference: {fileID: 0}
    - target: {fileID: 4987368742775660851, guid: c2ea3643fc363154cbbb2caceda7c080, type: 3}
      propertyPath: m_LocalRotation.x
      value: 0
      objectReference: {fileID: 0}
    - target: {fileID: 4987368742775660851, guid: c2ea3643fc363154cbbb2caceda7c080, type: 3}
      propertyPath: m_LocalRotation.y
      value: -0
      objectReference: {fileID: 0}
    - target: {fileID: 4987368742775660851, guid: c2ea3643fc363154cbbb2caceda7c080, type: 3}
      propertyPath: m_LocalRotation.z
      value: -0
      objectReference: {fileID: 0}
    - target: {fileID: 4987368742775660851, guid: c2ea3643fc363154cbbb2caceda7c080, type: 3}
      propertyPath: m_LocalEulerAnglesHint.x
      value: 0
      objectReference: {fileID: 0}
    - target: {fileID: 4987368742775660851, guid: c2ea3643fc363154cbbb2caceda7c080, type: 3}
      propertyPath: m_LocalEulerAnglesHint.y
      value: 0
      objectReference: {fileID: 0}
    - target: {fileID: 4987368742775660851, guid: c2ea3643fc363154cbbb2caceda7c080, type: 3}
      propertyPath: m_LocalEulerAnglesHint.z
      value: 0
      objectReference: {fileID: 0}
    - target: {fileID: 5655784313689996169, guid: c2ea3643fc363154cbbb2caceda7c080, type: 3}
      propertyPath: m_Name
      value: Cocktail C
      objectReference: {fileID: 0}
    - target: {fileID: 5655784313689996169, guid: c2ea3643fc363154cbbb2caceda7c080, type: 3}
      propertyPath: m_IsActive
      value: 0
      objectReference: {fileID: 0}
    m_RemovedComponents: []
  m_SourcePrefab: {fileID: 100100000, guid: c2ea3643fc363154cbbb2caceda7c080, type: 3}
--- !u!1001 &3767618566410002753
PrefabInstance:
  m_ObjectHideFlags: 0
  serializedVersion: 2
  m_Modification:
    m_TransformParent: {fileID: 4133865218192412783}
    m_Modifications:
    - target: {fileID: 1387227384988605545, guid: 75e7c8b88b569b546a63d9ddc0cde4a9, type: 3}
      propertyPath: m_RootOrder
      value: 0
      objectReference: {fileID: 0}
    - target: {fileID: 1387227384988605545, guid: 75e7c8b88b569b546a63d9ddc0cde4a9, type: 3}
      propertyPath: m_LocalPosition.x
      value: 0
      objectReference: {fileID: 0}
    - target: {fileID: 1387227384988605545, guid: 75e7c8b88b569b546a63d9ddc0cde4a9, type: 3}
      propertyPath: m_LocalPosition.y
      value: 0
      objectReference: {fileID: 0}
    - target: {fileID: 1387227384988605545, guid: 75e7c8b88b569b546a63d9ddc0cde4a9, type: 3}
      propertyPath: m_LocalPosition.z
      value: 0
      objectReference: {fileID: 0}
    - target: {fileID: 1387227384988605545, guid: 75e7c8b88b569b546a63d9ddc0cde4a9, type: 3}
      propertyPath: m_LocalRotation.w
      value: 1
      objectReference: {fileID: 0}
    - target: {fileID: 1387227384988605545, guid: 75e7c8b88b569b546a63d9ddc0cde4a9, type: 3}
      propertyPath: m_LocalRotation.x
      value: 0
      objectReference: {fileID: 0}
    - target: {fileID: 1387227384988605545, guid: 75e7c8b88b569b546a63d9ddc0cde4a9, type: 3}
      propertyPath: m_LocalRotation.y
      value: -0
      objectReference: {fileID: 0}
    - target: {fileID: 1387227384988605545, guid: 75e7c8b88b569b546a63d9ddc0cde4a9, type: 3}
      propertyPath: m_LocalRotation.z
      value: -0
      objectReference: {fileID: 0}
    - target: {fileID: 1387227384988605545, guid: 75e7c8b88b569b546a63d9ddc0cde4a9, type: 3}
      propertyPath: m_LocalEulerAnglesHint.x
      value: 0
      objectReference: {fileID: 0}
    - target: {fileID: 1387227384988605545, guid: 75e7c8b88b569b546a63d9ddc0cde4a9, type: 3}
      propertyPath: m_LocalEulerAnglesHint.y
      value: 0
      objectReference: {fileID: 0}
    - target: {fileID: 1387227384988605545, guid: 75e7c8b88b569b546a63d9ddc0cde4a9, type: 3}
      propertyPath: m_LocalEulerAnglesHint.z
      value: 0
      objectReference: {fileID: 0}
    - target: {fileID: 1732684470068233939, guid: 75e7c8b88b569b546a63d9ddc0cde4a9, type: 3}
      propertyPath: m_Name
      value: Cocktail B
      objectReference: {fileID: 0}
    - target: {fileID: 1732684470068233939, guid: 75e7c8b88b569b546a63d9ddc0cde4a9, type: 3}
      propertyPath: m_IsActive
      value: 0
      objectReference: {fileID: 0}
    m_RemovedComponents: []
  m_SourcePrefab: {fileID: 100100000, guid: 75e7c8b88b569b546a63d9ddc0cde4a9, type: 3}
--- !u!1001 &3767618566449536221
PrefabInstance:
  m_ObjectHideFlags: 0
  serializedVersion: 2
  m_Modification:
    m_TransformParent: {fileID: 3767618564931104679}
    m_Modifications:
    - target: {fileID: 1677350211307974929, guid: c7ee23302dc5b89488e2193d7a4342d6, type: 3}
      propertyPath: m_RootOrder
      value: 2
      objectReference: {fileID: 0}
    - target: {fileID: 1677350211307974929, guid: c7ee23302dc5b89488e2193d7a4342d6, type: 3}
      propertyPath: m_LocalPosition.x
      value: 2.53
      objectReference: {fileID: 0}
    - target: {fileID: 1677350211307974929, guid: c7ee23302dc5b89488e2193d7a4342d6, type: 3}
      propertyPath: m_LocalPosition.y
      value: 3.487
      objectReference: {fileID: 0}
    - target: {fileID: 1677350211307974929, guid: c7ee23302dc5b89488e2193d7a4342d6, type: 3}
      propertyPath: m_LocalPosition.z
      value: 0.015432618
      objectReference: {fileID: 0}
    - target: {fileID: 1677350211307974929, guid: c7ee23302dc5b89488e2193d7a4342d6, type: 3}
      propertyPath: m_LocalRotation.w
      value: 1
      objectReference: {fileID: 0}
    - target: {fileID: 1677350211307974929, guid: c7ee23302dc5b89488e2193d7a4342d6, type: 3}
      propertyPath: m_LocalRotation.x
      value: -0
      objectReference: {fileID: 0}
    - target: {fileID: 1677350211307974929, guid: c7ee23302dc5b89488e2193d7a4342d6, type: 3}
      propertyPath: m_LocalRotation.y
      value: -0
      objectReference: {fileID: 0}
    - target: {fileID: 1677350211307974929, guid: c7ee23302dc5b89488e2193d7a4342d6, type: 3}
      propertyPath: m_LocalRotation.z
      value: -0
      objectReference: {fileID: 0}
    - target: {fileID: 1677350211307974929, guid: c7ee23302dc5b89488e2193d7a4342d6, type: 3}
      propertyPath: m_LocalEulerAnglesHint.x
      value: 0
      objectReference: {fileID: 0}
    - target: {fileID: 1677350211307974929, guid: c7ee23302dc5b89488e2193d7a4342d6, type: 3}
      propertyPath: m_LocalEulerAnglesHint.y
      value: 0
      objectReference: {fileID: 0}
    - target: {fileID: 1677350211307974929, guid: c7ee23302dc5b89488e2193d7a4342d6, type: 3}
      propertyPath: m_LocalEulerAnglesHint.z
      value: 0
      objectReference: {fileID: 0}
    - target: {fileID: 2021260322182032299, guid: c7ee23302dc5b89488e2193d7a4342d6, type: 3}
      propertyPath: m_Name
      value: Box (2)
      objectReference: {fileID: 0}
    - target: {fileID: 2678207819402940155, guid: c7ee23302dc5b89488e2193d7a4342d6, type: 3}
      propertyPath: listItemContainer.Array.size
      value: 1
      objectReference: {fileID: 0}
    - target: {fileID: 3623126691136758966, guid: c7ee23302dc5b89488e2193d7a4342d6, type: 3}
      propertyPath: m_LocalPosition.x
      value: 0
      objectReference: {fileID: 0}
    - target: {fileID: 3623126691136758966, guid: c7ee23302dc5b89488e2193d7a4342d6, type: 3}
      propertyPath: m_LocalPosition.y
      value: 0
      objectReference: {fileID: 0}
    - target: {fileID: 5138392529088932106, guid: c7ee23302dc5b89488e2193d7a4342d6, type: 3}
      propertyPath: id
      value: 2
      objectReference: {fileID: 0}
    - target: {fileID: 5138392529088932106, guid: c7ee23302dc5b89488e2193d7a4342d6, type: 3}
      propertyPath: direction
      value: 2
      objectReference: {fileID: 0}
    - target: {fileID: 8491353068940398826, guid: c7ee23302dc5b89488e2193d7a4342d6, type: 3}
      propertyPath: id
      value: 2
      objectReference: {fileID: 0}
    m_RemovedComponents: []
  m_SourcePrefab: {fileID: 100100000, guid: c7ee23302dc5b89488e2193d7a4342d6, type: 3}
--- !u!4 &2526062262730632652 stripped
Transform:
  m_CorrespondingSourceObject: {fileID: 1677350211307974929, guid: c7ee23302dc5b89488e2193d7a4342d6, type: 3}
  m_PrefabInstance: {fileID: 3767618566449536221}
  m_PrefabAsset: {fileID: 0}
--- !u!114 &8288446133827139031 stripped
MonoBehaviour:
  m_CorrespondingSourceObject: {fileID: 5138392529088932106, guid: c7ee23302dc5b89488e2193d7a4342d6, type: 3}
  m_PrefabInstance: {fileID: 3767618566449536221}
  m_PrefabAsset: {fileID: 0}
  m_GameObject: {fileID: 0}
  m_Enabled: 1
  m_EditorHideFlags: 0
  m_Script: {fileID: 11500000, guid: f74bb796b11724f4b95a0b9a682c7754, type: 3}
  m_Name: 
  m_EditorClassIdentifier: 
--- !u!1001 &3767618566607487525
PrefabInstance:
  m_ObjectHideFlags: 0
  serializedVersion: 2
  m_Modification:
    m_TransformParent: {fileID: 3767618564931104679}
    m_Modifications:
    - target: {fileID: 1677350211307974929, guid: c7ee23302dc5b89488e2193d7a4342d6, type: 3}
      propertyPath: m_RootOrder
      value: 7
      objectReference: {fileID: 0}
    - target: {fileID: 1677350211307974929, guid: c7ee23302dc5b89488e2193d7a4342d6, type: 3}
      propertyPath: m_LocalPosition.x
      value: 2.53
      objectReference: {fileID: 0}
    - target: {fileID: 1677350211307974929, guid: c7ee23302dc5b89488e2193d7a4342d6, type: 3}
      propertyPath: m_LocalPosition.y
      value: 1.7400002
      objectReference: {fileID: 0}
    - target: {fileID: 1677350211307974929, guid: c7ee23302dc5b89488e2193d7a4342d6, type: 3}
      propertyPath: m_LocalPosition.z
      value: 0.015432618
      objectReference: {fileID: 0}
    - target: {fileID: 1677350211307974929, guid: c7ee23302dc5b89488e2193d7a4342d6, type: 3}
      propertyPath: m_LocalRotation.w
      value: 1
      objectReference: {fileID: 0}
    - target: {fileID: 1677350211307974929, guid: c7ee23302dc5b89488e2193d7a4342d6, type: 3}
      propertyPath: m_LocalRotation.x
      value: -0
      objectReference: {fileID: 0}
    - target: {fileID: 1677350211307974929, guid: c7ee23302dc5b89488e2193d7a4342d6, type: 3}
      propertyPath: m_LocalRotation.y
      value: -0
      objectReference: {fileID: 0}
    - target: {fileID: 1677350211307974929, guid: c7ee23302dc5b89488e2193d7a4342d6, type: 3}
      propertyPath: m_LocalRotation.z
      value: -0
      objectReference: {fileID: 0}
    - target: {fileID: 1677350211307974929, guid: c7ee23302dc5b89488e2193d7a4342d6, type: 3}
      propertyPath: m_LocalEulerAnglesHint.x
      value: 0
      objectReference: {fileID: 0}
    - target: {fileID: 1677350211307974929, guid: c7ee23302dc5b89488e2193d7a4342d6, type: 3}
      propertyPath: m_LocalEulerAnglesHint.y
      value: 0
      objectReference: {fileID: 0}
    - target: {fileID: 1677350211307974929, guid: c7ee23302dc5b89488e2193d7a4342d6, type: 3}
      propertyPath: m_LocalEulerAnglesHint.z
      value: 0
      objectReference: {fileID: 0}
    - target: {fileID: 2021260322182032299, guid: c7ee23302dc5b89488e2193d7a4342d6, type: 3}
      propertyPath: m_Name
      value: Box (6)
      objectReference: {fileID: 0}
    - target: {fileID: 5138392529088932106, guid: c7ee23302dc5b89488e2193d7a4342d6, type: 3}
      propertyPath: id
      value: 7
      objectReference: {fileID: 0}
    - target: {fileID: 5138392529088932106, guid: c7ee23302dc5b89488e2193d7a4342d6, type: 3}
      propertyPath: direction
      value: 2
      objectReference: {fileID: 0}
    - target: {fileID: 8491353068940398826, guid: c7ee23302dc5b89488e2193d7a4342d6, type: 3}
      propertyPath: id
      value: 8
      objectReference: {fileID: 0}
    m_RemovedComponents: []
  m_SourcePrefab: {fileID: 100100000, guid: c7ee23302dc5b89488e2193d7a4342d6, type: 3}
--- !u!4 &2526062263412880180 stripped
Transform:
  m_CorrespondingSourceObject: {fileID: 1677350211307974929, guid: c7ee23302dc5b89488e2193d7a4342d6, type: 3}
  m_PrefabInstance: {fileID: 3767618566607487525}
  m_PrefabAsset: {fileID: 0}
--- !u!114 &8288446132893494063 stripped
MonoBehaviour:
  m_CorrespondingSourceObject: {fileID: 5138392529088932106, guid: c7ee23302dc5b89488e2193d7a4342d6, type: 3}
  m_PrefabInstance: {fileID: 3767618566607487525}
  m_PrefabAsset: {fileID: 0}
  m_GameObject: {fileID: 0}
  m_Enabled: 1
  m_EditorHideFlags: 0
  m_Script: {fileID: 11500000, guid: f74bb796b11724f4b95a0b9a682c7754, type: 3}
  m_Name: 
  m_EditorClassIdentifier: 
--- !u!1001 &3767618566958237150
PrefabInstance:
  m_ObjectHideFlags: 0
  serializedVersion: 2
  m_Modification:
    m_TransformParent: {fileID: 7482156247817685797}
    m_Modifications:
    - target: {fileID: 5009703329880967741, guid: ba880a4dfdc64d24c9d64254154f0c77, type: 3}
      propertyPath: m_Name
      value: Coffee Cup A
      objectReference: {fileID: 0}
    - target: {fileID: 5009703329880967741, guid: ba880a4dfdc64d24c9d64254154f0c77, type: 3}
      propertyPath: m_IsActive
      value: 0
      objectReference: {fileID: 0}
    - target: {fileID: 5678434460275953799, guid: ba880a4dfdc64d24c9d64254154f0c77, type: 3}
      propertyPath: m_RootOrder
      value: 0
      objectReference: {fileID: 0}
    - target: {fileID: 5678434460275953799, guid: ba880a4dfdc64d24c9d64254154f0c77, type: 3}
      propertyPath: m_LocalPosition.x
      value: 0
      objectReference: {fileID: 0}
    - target: {fileID: 5678434460275953799, guid: ba880a4dfdc64d24c9d64254154f0c77, type: 3}
      propertyPath: m_LocalPosition.y
      value: 0
      objectReference: {fileID: 0}
    - target: {fileID: 5678434460275953799, guid: ba880a4dfdc64d24c9d64254154f0c77, type: 3}
      propertyPath: m_LocalPosition.z
      value: 0
      objectReference: {fileID: 0}
    - target: {fileID: 5678434460275953799, guid: ba880a4dfdc64d24c9d64254154f0c77, type: 3}
      propertyPath: m_LocalRotation.w
      value: 1
      objectReference: {fileID: 0}
    - target: {fileID: 5678434460275953799, guid: ba880a4dfdc64d24c9d64254154f0c77, type: 3}
      propertyPath: m_LocalRotation.x
      value: 0
      objectReference: {fileID: 0}
    - target: {fileID: 5678434460275953799, guid: ba880a4dfdc64d24c9d64254154f0c77, type: 3}
      propertyPath: m_LocalRotation.y
      value: -0
      objectReference: {fileID: 0}
    - target: {fileID: 5678434460275953799, guid: ba880a4dfdc64d24c9d64254154f0c77, type: 3}
      propertyPath: m_LocalRotation.z
      value: -0
      objectReference: {fileID: 0}
    - target: {fileID: 5678434460275953799, guid: ba880a4dfdc64d24c9d64254154f0c77, type: 3}
      propertyPath: m_LocalEulerAnglesHint.x
      value: 0
      objectReference: {fileID: 0}
    - target: {fileID: 5678434460275953799, guid: ba880a4dfdc64d24c9d64254154f0c77, type: 3}
      propertyPath: m_LocalEulerAnglesHint.y
      value: 0
      objectReference: {fileID: 0}
    - target: {fileID: 5678434460275953799, guid: ba880a4dfdc64d24c9d64254154f0c77, type: 3}
      propertyPath: m_LocalEulerAnglesHint.z
      value: 0
      objectReference: {fileID: 0}
    m_RemovedComponents: []
  m_SourcePrefab: {fileID: 100100000, guid: ba880a4dfdc64d24c9d64254154f0c77, type: 3}
