%YAML 1.1
%TAG !u! tag:unity3d.com,2011:
--- !u!1 &268787885418213043
GameObject:
  m_ObjectHideFlags: 0
  m_CorrespondingSourceObject: {fileID: 0}
  m_PrefabInstance: {fileID: 0}
  m_PrefabAsset: {fileID: 0}
  serializedVersion: 6
  m_Component:
  - component: {fileID: 2897658932853474496}
  m_Layer: 0
  m_Name: BoxElement
  m_TagString: Untagged
  m_Icon: {fileID: 0}
  m_NavMeshLayer: 0
  m_StaticEditorFlags: 0
  m_IsActive: 1
--- !u!4 &2897658932853474496
Transform:
  m_ObjectHideFlags: 0
  m_CorrespondingSourceObject: {fileID: 0}
  m_PrefabInstance: {fileID: 0}
  m_PrefabAsset: {fileID: 0}
  m_GameObject: {fileID: 268787885418213043}
  m_LocalRotation: {x: 0, y: 0, z: 0, w: 1}
  m_LocalPosition: {x: 0, y: 0, z: 0}
  m_LocalScale: {x: 1, y: 1, z: 1}
  m_ConstrainProportionsScale: 0
  m_Children:
  - {fileID: 4138986242446261912}
  - {fileID: 8897056963752151141}
  - {fileID: 141362421396373652}
  - {fileID: 3885800391088619359}
  - {fileID: 2201121726807755015}
  - {fileID: 6703920134993292159}
  - {fileID: 1440580955566300023}
  - {fileID: 6073471864451742801}
  - {fileID: 66078269527265659}
  - {fileID: 2374794464273178704}
  m_Father: {fileID: 8820346941091797839}
  m_RootOrder: 0
  m_LocalEulerAnglesHint: {x: 0, y: 0, z: 0}
--- !u!1 &5006696884900514943
GameObject:
  m_ObjectHideFlags: 0
  m_CorrespondingSourceObject: {fileID: 0}
  m_PrefabInstance: {fileID: 0}
  m_PrefabAsset: {fileID: 0}
  serializedVersion: 6
  m_Component:
  - component: {fileID: 8820346941091797839}
  - component: {fileID: 1512188469672122034}
  m_Layer: 0
  m_Name: Level40
  m_TagString: Untagged
  m_Icon: {fileID: 0}
  m_NavMeshLayer: 0
  m_StaticEditorFlags: 0
  m_IsActive: 1
--- !u!4 &8820346941091797839
Transform:
  m_ObjectHideFlags: 0
  m_CorrespondingSourceObject: {fileID: 0}
  m_PrefabInstance: {fileID: 0}
  m_PrefabAsset: {fileID: 0}
  m_GameObject: {fileID: 5006696884900514943}
  m_LocalRotation: {x: 0, y: 0, z: 0, w: 1}
  m_LocalPosition: {x: 0, y: 1.72, z: 0}
  m_LocalScale: {x: 1, y: 1, z: 1}
  m_ConstrainProportionsScale: 0
  m_Children:
  - {fileID: 2897658932853474496}
  m_Father: {fileID: 0}
  m_RootOrder: 0
  m_LocalEulerAnglesHint: {x: 0, y: 0, z: 0}
--- !u!114 &1512188469672122034
MonoBehaviour:
  m_ObjectHideFlags: 0
  m_CorrespondingSourceObject: {fileID: 0}
  m_PrefabInstance: {fileID: 0}
  m_PrefabAsset: {fileID: 0}
  m_GameObject: {fileID: 5006696884900514943}
  m_Enabled: 1
  m_EditorHideFlags: 0
  m_Script: {fileID: 11500000, guid: 4c8469781d93f08499725de263bab331, type: 3}
  m_Name: 
  m_EditorClassIdentifier: 
  id: 40
  _width: 0
  _height: 0
  _center: 0
  skinContainer: {fileID: 11400000, guid: 3aefcb2eb84a5714fa457399f99fcd6e, type: 2}
  listBoxElement:
  - {fileID: 7600030977755260547}
  - {fileID: 3130190641451044990}
  - {fileID: 5908196840679299215}
  - {fileID: 5657626600085688604}
  - {fileID: 937032665883800420}
  - {fileID: 4897067945132622700}
  - {fileID: 306622585113961546}
  - {fileID: 5828458571505224032}
  - {fileID: 8141645134643918923}
  - {fileID: 7342339881798264644}
  timeDuration: 0
--- !u!1001 &340828393740757606
PrefabInstance:
  m_ObjectHideFlags: 0
  serializedVersion: 2
  m_Modification:
    m_TransformParent: {fileID: 2897658932853474496}
    m_Modifications:
    - target: {fileID: 1677350211307974929, guid: c7ee23302dc5b89488e2193d7a4342d6, type: 3}
      propertyPath: m_RootOrder
      value: 6
      objectReference: {fileID: 0}
    - target: {fileID: 1677350211307974929, guid: c7ee23302dc5b89488e2193d7a4342d6, type: 3}
      propertyPath: m_LocalPosition.x
      value: -0.01999998
      objectReference: {fileID: 0}
    - target: {fileID: 1677350211307974929, guid: c7ee23302dc5b89488e2193d7a4342d6, type: 3}
      propertyPath: m_LocalPosition.y
      value: -0.098
      objectReference: {fileID: 0}
    - target: {fileID: 1677350211307974929, guid: c7ee23302dc5b89488e2193d7a4342d6, type: 3}
      propertyPath: m_LocalPosition.z
      value: 0.015432618
      objectReference: {fileID: 0}
    - target: {fileID: 1677350211307974929, guid: c7ee23302dc5b89488e2193d7a4342d6, type: 3}
      propertyPath: m_LocalRotation.w
      value: 1
      objectReference: {fileID: 0}
    - target: {fileID: 1677350211307974929, guid: c7ee23302dc5b89488e2193d7a4342d6, type: 3}
      propertyPath: m_LocalRotation.x
      value: -0
      objectReference: {fileID: 0}
    - target: {fileID: 1677350211307974929, guid: c7ee23302dc5b89488e2193d7a4342d6, type: 3}
      propertyPath: m_LocalRotation.y
      value: -0
      objectReference: {fileID: 0}
    - target: {fileID: 1677350211307974929, guid: c7ee23302dc5b89488e2193d7a4342d6, type: 3}
      propertyPath: m_LocalRotation.z
      value: -0
      objectReference: {fileID: 0}
    - target: {fileID: 1677350211307974929, guid: c7ee23302dc5b89488e2193d7a4342d6, type: 3}
      propertyPath: m_LocalEulerAnglesHint.x
      value: 0
      objectReference: {fileID: 0}
    - target: {fileID: 1677350211307974929, guid: c7ee23302dc5b89488e2193d7a4342d6, type: 3}
      propertyPath: m_LocalEulerAnglesHint.y
      value: 0
      objectReference: {fileID: 0}
    - target: {fileID: 1677350211307974929, guid: c7ee23302dc5b89488e2193d7a4342d6, type: 3}
      propertyPath: m_LocalEulerAnglesHint.z
      value: 0
      objectReference: {fileID: 0}
    - target: {fileID: 2021260322182032299, guid: c7ee23302dc5b89488e2193d7a4342d6, type: 3}
      propertyPath: m_Name
      value: Box (12)
      objectReference: {fileID: 0}
    - target: {fileID: 2021260322182032299, guid: c7ee23302dc5b89488e2193d7a4342d6, type: 3}
      propertyPath: m_IsActive
      value: 1
      objectReference: {fileID: 0}
    - target: {fileID: 5138392529088932106, guid: c7ee23302dc5b89488e2193d7a4342d6, type: 3}
      propertyPath: id
      value: 6
      objectReference: {fileID: 0}
    - target: {fileID: 5138392529088932106, guid: c7ee23302dc5b89488e2193d7a4342d6, type: 3}
      propertyPath: direction
      value: 1
      objectReference: {fileID: 0}
    - target: {fileID: 8491353068940398826, guid: c7ee23302dc5b89488e2193d7a4342d6, type: 3}
      propertyPath: id
      value: 13
      objectReference: {fileID: 0}
    m_RemovedComponents: []
  m_SourcePrefab: {fileID: 100100000, guid: c7ee23302dc5b89488e2193d7a4342d6, type: 3}
--- !u!4 &1440580955566300023 stripped
Transform:
  m_CorrespondingSourceObject: {fileID: 1677350211307974929, guid: c7ee23302dc5b89488e2193d7a4342d6, type: 3}
  m_PrefabInstance: {fileID: 340828393740757606}
  m_PrefabAsset: {fileID: 0}
--- !u!114 &4897067945132622700 stripped
MonoBehaviour:
  m_CorrespondingSourceObject: {fileID: 5138392529088932106, guid: c7ee23302dc5b89488e2193d7a4342d6, type: 3}
  m_PrefabInstance: {fileID: 340828393740757606}
  m_PrefabAsset: {fileID: 0}
  m_GameObject: {fileID: 0}
  m_Enabled: 1
  m_EditorHideFlags: 0
  m_Script: {fileID: 11500000, guid: f74bb796b11724f4b95a0b9a682c7754, type: 3}
  m_Name: 
  m_EditorClassIdentifier: 
--- !u!1001 &467233330105376351
PrefabInstance:
  m_ObjectHideFlags: 0
  serializedVersion: 2
  m_Modification:
    m_TransformParent: {fileID: 327539408307928947}
    m_Modifications:
    - target: {fileID: 5945018544434771847, guid: e649002e2d0ef6743adf44d24b201d80, type: 3}
      propertyPath: m_Name
      value: Cocktail A
      objectReference: {fileID: 0}
    - target: {fileID: 5945018544434771847, guid: e649002e2d0ef6743adf44d24b201d80, type: 3}
      propertyPath: m_IsActive
      value: 0
      objectReference: {fileID: 0}
    - target: {fileID: 6470303165464227133, guid: e649002e2d0ef6743adf44d24b201d80, type: 3}
      propertyPath: m_RootOrder
      value: 0
      objectReference: {fileID: 0}
    - target: {fileID: 6470303165464227133, guid: e649002e2d0ef6743adf44d24b201d80, type: 3}
      propertyPath: m_LocalPosition.x
      value: -0
      objectReference: {fileID: 0}
    - target: {fileID: 6470303165464227133, guid: e649002e2d0ef6743adf44d24b201d80, type: 3}
      propertyPath: m_LocalPosition.y
      value: 0
      objectReference: {fileID: 0}
    - target: {fileID: 6470303165464227133, guid: e649002e2d0ef6743adf44d24b201d80, type: 3}
      propertyPath: m_LocalPosition.z
      value: 0
      objectReference: {fileID: 0}
    - target: {fileID: 6470303165464227133, guid: e649002e2d0ef6743adf44d24b201d80, type: 3}
      propertyPath: m_LocalRotation.w
      value: 1
      objectReference: {fileID: 0}
    - target: {fileID: 6470303165464227133, guid: e649002e2d0ef6743adf44d24b201d80, type: 3}
      propertyPath: m_LocalRotation.x
      value: 0
      objectReference: {fileID: 0}
    - target: {fileID: 6470303165464227133, guid: e649002e2d0ef6743adf44d24b201d80, type: 3}
      propertyPath: m_LocalRotation.y
      value: -0
      objectReference: {fileID: 0}
    - target: {fileID: 6470303165464227133, guid: e649002e2d0ef6743adf44d24b201d80, type: 3}
      propertyPath: m_LocalRotation.z
      value: -0
      objectReference: {fileID: 0}
    - target: {fileID: 6470303165464227133, guid: e649002e2d0ef6743adf44d24b201d80, type: 3}
      propertyPath: m_LocalEulerAnglesHint.x
      value: 0
      objectReference: {fileID: 0}
    - target: {fileID: 6470303165464227133, guid: e649002e2d0ef6743adf44d24b201d80, type: 3}
      propertyPath: m_LocalEulerAnglesHint.y
      value: 0
      objectReference: {fileID: 0}
    - target: {fileID: 6470303165464227133, guid: e649002e2d0ef6743adf44d24b201d80, type: 3}
      propertyPath: m_LocalEulerAnglesHint.z
      value: 0
      objectReference: {fileID: 0}
    m_RemovedComponents: []
  m_SourcePrefab: {fileID: 100100000, guid: e649002e2d0ef6743adf44d24b201d80, type: 3}
--- !u!1001 &706169783576786966
PrefabInstance:
  m_ObjectHideFlags: 0
  serializedVersion: 2
  m_Modification:
    m_TransformParent: {fileID: 2897658932853474496}
    m_Modifications:
    - target: {fileID: 1677350211307974929, guid: c7ee23302dc5b89488e2193d7a4342d6, type: 3}
      propertyPath: m_RootOrder
      value: 4
      objectReference: {fileID: 0}
    - target: {fileID: 1677350211307974929, guid: c7ee23302dc5b89488e2193d7a4342d6, type: 3}
      propertyPath: m_LocalPosition.x
      value: -0.014
      objectReference: {fileID: 0}
    - target: {fileID: 1677350211307974929, guid: c7ee23302dc5b89488e2193d7a4342d6, type: 3}
      propertyPath: m_LocalPosition.y
      value: 1.635
      objectReference: {fileID: 0}
    - target: {fileID: 1677350211307974929, guid: c7ee23302dc5b89488e2193d7a4342d6, type: 3}
      propertyPath: m_LocalPosition.z
      value: 0.015432618
      objectReference: {fileID: 0}
    - target: {fileID: 1677350211307974929, guid: c7ee23302dc5b89488e2193d7a4342d6, type: 3}
      propertyPath: m_LocalRotation.w
      value: 1
      objectReference: {fileID: 0}
    - target: {fileID: 1677350211307974929, guid: c7ee23302dc5b89488e2193d7a4342d6, type: 3}
      propertyPath: m_LocalRotation.x
      value: -0
      objectReference: {fileID: 0}
    - target: {fileID: 1677350211307974929, guid: c7ee23302dc5b89488e2193d7a4342d6, type: 3}
      propertyPath: m_LocalRotation.y
      value: -0
      objectReference: {fileID: 0}
    - target: {fileID: 1677350211307974929, guid: c7ee23302dc5b89488e2193d7a4342d6, type: 3}
      propertyPath: m_LocalRotation.z
      value: -0
      objectReference: {fileID: 0}
    - target: {fileID: 1677350211307974929, guid: c7ee23302dc5b89488e2193d7a4342d6, type: 3}
      propertyPath: m_LocalEulerAnglesHint.x
      value: 0
      objectReference: {fileID: 0}
    - target: {fileID: 1677350211307974929, guid: c7ee23302dc5b89488e2193d7a4342d6, type: 3}
      propertyPath: m_LocalEulerAnglesHint.y
      value: 0
      objectReference: {fileID: 0}
    - target: {fileID: 1677350211307974929, guid: c7ee23302dc5b89488e2193d7a4342d6, type: 3}
      propertyPath: m_LocalEulerAnglesHint.z
      value: 0
      objectReference: {fileID: 0}
    - target: {fileID: 2021260322182032299, guid: c7ee23302dc5b89488e2193d7a4342d6, type: 3}
      propertyPath: m_Name
      value: Box (5)
      objectReference: {fileID: 0}
    - target: {fileID: 2021260322182032299, guid: c7ee23302dc5b89488e2193d7a4342d6, type: 3}
      propertyPath: m_IsActive
      value: 1
      objectReference: {fileID: 0}
    - target: {fileID: 5138392529088932106, guid: c7ee23302dc5b89488e2193d7a4342d6, type: 3}
      propertyPath: id
      value: 4
      objectReference: {fileID: 0}
    - target: {fileID: 5138392529088932106, guid: c7ee23302dc5b89488e2193d7a4342d6, type: 3}
      propertyPath: direction
      value: 2
      objectReference: {fileID: 0}
    - target: {fileID: 8491353068940398826, guid: c7ee23302dc5b89488e2193d7a4342d6, type: 3}
      propertyPath: id
      value: 5
      objectReference: {fileID: 0}
    m_RemovedComponents: []
  m_SourcePrefab: {fileID: 100100000, guid: c7ee23302dc5b89488e2193d7a4342d6, type: 3}
--- !u!4 &2201121726807755015 stripped
Transform:
  m_CorrespondingSourceObject: {fileID: 1677350211307974929, guid: c7ee23302dc5b89488e2193d7a4342d6, type: 3}
  m_PrefabInstance: {fileID: 706169783576786966}
  m_PrefabAsset: {fileID: 0}
--- !u!114 &5657626600085688604 stripped
MonoBehaviour:
  m_CorrespondingSourceObject: {fileID: 5138392529088932106, guid: c7ee23302dc5b89488e2193d7a4342d6, type: 3}
  m_PrefabInstance: {fileID: 706169783576786966}
  m_PrefabAsset: {fileID: 0}
  m_GameObject: {fileID: 0}
  m_Enabled: 1
  m_EditorHideFlags: 0
  m_Script: {fileID: 11500000, guid: f74bb796b11724f4b95a0b9a682c7754, type: 3}
  m_Name: 
  m_EditorClassIdentifier: 
--- !u!1001 &1635120570391310725
PrefabInstance:
  m_ObjectHideFlags: 0
  serializedVersion: 2
  m_Modification:
    m_TransformParent: {fileID: 2897658932853474496}
    m_Modifications:
    - target: {fileID: 1677350211307974929, guid: c7ee23302dc5b89488e2193d7a4342d6, type: 3}
      propertyPath: m_RootOrder
      value: 2
      objectReference: {fileID: 0}
    - target: {fileID: 1677350211307974929, guid: c7ee23302dc5b89488e2193d7a4342d6, type: 3}
      propertyPath: m_LocalPosition.x
      value: -0.02
      objectReference: {fileID: 0}
    - target: {fileID: 1677350211307974929, guid: c7ee23302dc5b89488e2193d7a4342d6, type: 3}
      propertyPath: m_LocalPosition.y
      value: 5.232
      objectReference: {fileID: 0}
    - target: {fileID: 1677350211307974929, guid: c7ee23302dc5b89488e2193d7a4342d6, type: 3}
      propertyPath: m_LocalPosition.z
      value: 0.015432618
      objectReference: {fileID: 0}
    - target: {fileID: 1677350211307974929, guid: c7ee23302dc5b89488e2193d7a4342d6, type: 3}
      propertyPath: m_LocalRotation.w
      value: 1
      objectReference: {fileID: 0}
    - target: {fileID: 1677350211307974929, guid: c7ee23302dc5b89488e2193d7a4342d6, type: 3}
      propertyPath: m_LocalRotation.x
      value: -0
      objectReference: {fileID: 0}
    - target: {fileID: 1677350211307974929, guid: c7ee23302dc5b89488e2193d7a4342d6, type: 3}
      propertyPath: m_LocalRotation.y
      value: -0
      objectReference: {fileID: 0}
    - target: {fileID: 1677350211307974929, guid: c7ee23302dc5b89488e2193d7a4342d6, type: 3}
      propertyPath: m_LocalRotation.z
      value: -0
      objectReference: {fileID: 0}
    - target: {fileID: 1677350211307974929, guid: c7ee23302dc5b89488e2193d7a4342d6, type: 3}
      propertyPath: m_LocalEulerAnglesHint.x
      value: 0
      objectReference: {fileID: 0}
    - target: {fileID: 1677350211307974929, guid: c7ee23302dc5b89488e2193d7a4342d6, type: 3}
      propertyPath: m_LocalEulerAnglesHint.y
      value: 0
      objectReference: {fileID: 0}
    - target: {fileID: 1677350211307974929, guid: c7ee23302dc5b89488e2193d7a4342d6, type: 3}
      propertyPath: m_LocalEulerAnglesHint.z
      value: 0
      objectReference: {fileID: 0}
    - target: {fileID: 2021260322182032299, guid: c7ee23302dc5b89488e2193d7a4342d6, type: 3}
      propertyPath: m_Name
      value: Box (4)
      objectReference: {fileID: 0}
    - target: {fileID: 2021260322182032299, guid: c7ee23302dc5b89488e2193d7a4342d6, type: 3}
      propertyPath: m_IsActive
      value: 1
      objectReference: {fileID: 0}
    - target: {fileID: 5138392529088932106, guid: c7ee23302dc5b89488e2193d7a4342d6, type: 3}
      propertyPath: id
      value: 2
      objectReference: {fileID: 0}
    - target: {fileID: 8491353068940398826, guid: c7ee23302dc5b89488e2193d7a4342d6, type: 3}
      propertyPath: id
      value: 3
      objectReference: {fileID: 0}
    m_RemovedComponents: []
  m_SourcePrefab: {fileID: 100100000, guid: c7ee23302dc5b89488e2193d7a4342d6, type: 3}
--- !u!4 &141362421396373652 stripped
Transform:
  m_CorrespondingSourceObject: {fileID: 1677350211307974929, guid: c7ee23302dc5b89488e2193d7a4342d6, type: 3}
  m_PrefabInstance: {fileID: 1635120570391310725}
  m_PrefabAsset: {fileID: 0}
--- !u!114 &5908196840679299215 stripped
MonoBehaviour:
  m_CorrespondingSourceObject: {fileID: 5138392529088932106, guid: c7ee23302dc5b89488e2193d7a4342d6, type: 3}
  m_PrefabInstance: {fileID: 1635120570391310725}
  m_PrefabAsset: {fileID: 0}
  m_GameObject: {fileID: 0}
  m_Enabled: 1
  m_EditorHideFlags: 0
  m_Script: {fileID: 11500000, guid: f74bb796b11724f4b95a0b9a682c7754, type: 3}
  m_Name: 
  m_EditorClassIdentifier: 
--- !u!1001 &1706271584735174762
PrefabInstance:
  m_ObjectHideFlags: 0
  serializedVersion: 2
  m_Modification:
    m_TransformParent: {fileID: 2897658932853474496}
    m_Modifications:
    - target: {fileID: 1677350211307974929, guid: c7ee23302dc5b89488e2193d7a4342d6, type: 3}
      propertyPath: m_RootOrder
      value: 8
      objectReference: {fileID: 0}
    - target: {fileID: 1677350211307974929, guid: c7ee23302dc5b89488e2193d7a4342d6, type: 3}
      propertyPath: m_LocalPosition.x
      value: 2.53
      objectReference: {fileID: 0}
    - target: {fileID: 1677350211307974929, guid: c7ee23302dc5b89488e2193d7a4342d6, type: 3}
      propertyPath: m_LocalPosition.y
      value: -0.1
      objectReference: {fileID: 0}
    - target: {fileID: 1677350211307974929, guid: c7ee23302dc5b89488e2193d7a4342d6, type: 3}
      propertyPath: m_LocalPosition.z
      value: 0.015432618
      objectReference: {fileID: 0}
    - target: {fileID: 1677350211307974929, guid: c7ee23302dc5b89488e2193d7a4342d6, type: 3}
      propertyPath: m_LocalRotation.w
      value: 1
      objectReference: {fileID: 0}
    - target: {fileID: 1677350211307974929, guid: c7ee23302dc5b89488e2193d7a4342d6, type: 3}
      propertyPath: m_LocalRotation.x
      value: -0
      objectReference: {fileID: 0}
    - target: {fileID: 1677350211307974929, guid: c7ee23302dc5b89488e2193d7a4342d6, type: 3}
      propertyPath: m_LocalRotation.y
      value: -0
      objectReference: {fileID: 0}
    - target: {fileID: 1677350211307974929, guid: c7ee23302dc5b89488e2193d7a4342d6, type: 3}
      propertyPath: m_LocalRotation.z
      value: -0
      objectReference: {fileID: 0}
    - target: {fileID: 1677350211307974929, guid: c7ee23302dc5b89488e2193d7a4342d6, type: 3}
      propertyPath: m_LocalEulerAnglesHint.x
      value: 0
      objectReference: {fileID: 0}
    - target: {fileID: 1677350211307974929, guid: c7ee23302dc5b89488e2193d7a4342d6, type: 3}
      propertyPath: m_LocalEulerAnglesHint.y
      value: 0
      objectReference: {fileID: 0}
    - target: {fileID: 1677350211307974929, guid: c7ee23302dc5b89488e2193d7a4342d6, type: 3}
      propertyPath: m_LocalEulerAnglesHint.z
      value: 0
      objectReference: {fileID: 0}
    - target: {fileID: 2021260322182032299, guid: c7ee23302dc5b89488e2193d7a4342d6, type: 3}
      propertyPath: m_Name
      value: Box (16)
      objectReference: {fileID: 0}
    - target: {fileID: 2021260322182032299, guid: c7ee23302dc5b89488e2193d7a4342d6, type: 3}
      propertyPath: m_IsActive
      value: 1
      objectReference: {fileID: 0}
    - target: {fileID: 5138392529088932106, guid: c7ee23302dc5b89488e2193d7a4342d6, type: 3}
      propertyPath: id
      value: 8
      objectReference: {fileID: 0}
    - target: {fileID: 5138392529088932106, guid: c7ee23302dc5b89488e2193d7a4342d6, type: 3}
      propertyPath: direction
      value: 2
      objectReference: {fileID: 0}
    - target: {fileID: 8491353068940398826, guid: c7ee23302dc5b89488e2193d7a4342d6, type: 3}
      propertyPath: id
      value: 17
      objectReference: {fileID: 0}
    m_RemovedComponents: []
  m_SourcePrefab: {fileID: 100100000, guid: c7ee23302dc5b89488e2193d7a4342d6, type: 3}
--- !u!4 &66078269527265659 stripped
Transform:
  m_CorrespondingSourceObject: {fileID: 1677350211307974929, guid: c7ee23302dc5b89488e2193d7a4342d6, type: 3}
  m_PrefabInstance: {fileID: 1706271584735174762}
  m_PrefabAsset: {fileID: 0}
--- !u!114 &5828458571505224032 stripped
MonoBehaviour:
  m_CorrespondingSourceObject: {fileID: 5138392529088932106, guid: c7ee23302dc5b89488e2193d7a4342d6, type: 3}
  m_PrefabInstance: {fileID: 1706271584735174762}
  m_PrefabAsset: {fileID: 0}
  m_GameObject: {fileID: 0}
  m_Enabled: 1
  m_EditorHideFlags: 0
  m_Script: {fileID: 11500000, guid: f74bb796b11724f4b95a0b9a682c7754, type: 3}
  m_Name: 
  m_EditorClassIdentifier: 
--- !u!1001 &2497817737243987534
PrefabInstance:
  m_ObjectHideFlags: 0
  serializedVersion: 2
  m_Modification:
    m_TransformParent: {fileID: 2897658932853474496}
    m_Modifications:
    - target: {fileID: 1677350211307974929, guid: c7ee23302dc5b89488e2193d7a4342d6, type: 3}
      propertyPath: m_RootOrder
      value: 3
      objectReference: {fileID: 0}
    - target: {fileID: 1677350211307974929, guid: c7ee23302dc5b89488e2193d7a4342d6, type: 3}
      propertyPath: m_LocalPosition.x
      value: -0.01
      objectReference: {fileID: 0}
    - target: {fileID: 1677350211307974929, guid: c7ee23302dc5b89488e2193d7a4342d6, type: 3}
      propertyPath: m_LocalPosition.y
      value: 7.02
      objectReference: {fileID: 0}
    - target: {fileID: 1677350211307974929, guid: c7ee23302dc5b89488e2193d7a4342d6, type: 3}
      propertyPath: m_LocalPosition.z
      value: 0.015432618
      objectReference: {fileID: 0}
    - target: {fileID: 1677350211307974929, guid: c7ee23302dc5b89488e2193d7a4342d6, type: 3}
      propertyPath: m_LocalRotation.w
      value: 1
      objectReference: {fileID: 0}
    - target: {fileID: 1677350211307974929, guid: c7ee23302dc5b89488e2193d7a4342d6, type: 3}
      propertyPath: m_LocalRotation.x
      value: -0
      objectReference: {fileID: 0}
    - target: {fileID: 1677350211307974929, guid: c7ee23302dc5b89488e2193d7a4342d6, type: 3}
      propertyPath: m_LocalRotation.y
      value: -0
      objectReference: {fileID: 0}
    - target: {fileID: 1677350211307974929, guid: c7ee23302dc5b89488e2193d7a4342d6, type: 3}
      propertyPath: m_LocalRotation.z
      value: -0
      objectReference: {fileID: 0}
    - target: {fileID: 1677350211307974929, guid: c7ee23302dc5b89488e2193d7a4342d6, type: 3}
      propertyPath: m_LocalEulerAnglesHint.x
      value: 0
      objectReference: {fileID: 0}
    - target: {fileID: 1677350211307974929, guid: c7ee23302dc5b89488e2193d7a4342d6, type: 3}
      propertyPath: m_LocalEulerAnglesHint.y
      value: 0
      objectReference: {fileID: 0}
    - target: {fileID: 1677350211307974929, guid: c7ee23302dc5b89488e2193d7a4342d6, type: 3}
      propertyPath: m_LocalEulerAnglesHint.z
      value: 0
      objectReference: {fileID: 0}
    - target: {fileID: 2021260322182032299, guid: c7ee23302dc5b89488e2193d7a4342d6, type: 3}
      propertyPath: m_Name
      value: Box (19)
      objectReference: {fileID: 0}
    - target: {fileID: 2021260322182032299, guid: c7ee23302dc5b89488e2193d7a4342d6, type: 3}
      propertyPath: m_IsActive
      value: 1
      objectReference: {fileID: 0}
    - target: {fileID: 5138392529088932106, guid: c7ee23302dc5b89488e2193d7a4342d6, type: 3}
      propertyPath: id
      value: 3
      objectReference: {fileID: 0}
    - target: {fileID: 5138392529088932106, guid: c7ee23302dc5b89488e2193d7a4342d6, type: 3}
      propertyPath: direction
      value: 1
      objectReference: {fileID: 0}
    - target: {fileID: 8491353068940398826, guid: c7ee23302dc5b89488e2193d7a4342d6, type: 3}
      propertyPath: id
      value: 17
      objectReference: {fileID: 0}
    m_RemovedComponents: []
  m_SourcePrefab: {fileID: 100100000, guid: c7ee23302dc5b89488e2193d7a4342d6, type: 3}
--- !u!4 &3885800391088619359 stripped
Transform:
  m_CorrespondingSourceObject: {fileID: 1677350211307974929, guid: c7ee23302dc5b89488e2193d7a4342d6, type: 3}
  m_PrefabInstance: {fileID: 2497817737243987534}
  m_PrefabAsset: {fileID: 0}
--- !u!114 &7342339881798264644 stripped
MonoBehaviour:
  m_CorrespondingSourceObject: {fileID: 5138392529088932106, guid: c7ee23302dc5b89488e2193d7a4342d6, type: 3}
  m_PrefabInstance: {fileID: 2497817737243987534}
  m_PrefabAsset: {fileID: 0}
  m_GameObject: {fileID: 0}
  m_Enabled: 1
  m_EditorHideFlags: 0
  m_Script: {fileID: 11500000, guid: f74bb796b11724f4b95a0b9a682c7754, type: 3}
  m_Name: 
  m_EditorClassIdentifier: 
--- !u!1001 &3330279088413527945
PrefabInstance:
  m_ObjectHideFlags: 0
  serializedVersion: 2
  m_Modification:
    m_TransformParent: {fileID: 2897658932853474496}
    m_Modifications:
    - target: {fileID: 1677350211307974929, guid: c7ee23302dc5b89488e2193d7a4342d6, type: 3}
      propertyPath: m_RootOrder
      value: 0
      objectReference: {fileID: 0}
    - target: {fileID: 1677350211307974929, guid: c7ee23302dc5b89488e2193d7a4342d6, type: 3}
      propertyPath: m_LocalPosition.x
      value: -2.56
      objectReference: {fileID: 0}
    - target: {fileID: 1677350211307974929, guid: c7ee23302dc5b89488e2193d7a4342d6, type: 3}
      propertyPath: m_LocalPosition.y
      value: 5.236
      objectReference: {fileID: 0}
    - target: {fileID: 1677350211307974929, guid: c7ee23302dc5b89488e2193d7a4342d6, type: 3}
      propertyPath: m_LocalPosition.z
      value: 0.015432618
      objectReference: {fileID: 0}
    - target: {fileID: 1677350211307974929, guid: c7ee23302dc5b89488e2193d7a4342d6, type: 3}
      propertyPath: m_LocalRotation.w
      value: 1
      objectReference: {fileID: 0}
    - target: {fileID: 1677350211307974929, guid: c7ee23302dc5b89488e2193d7a4342d6, type: 3}
      propertyPath: m_LocalRotation.x
      value: -0
      objectReference: {fileID: 0}
    - target: {fileID: 1677350211307974929, guid: c7ee23302dc5b89488e2193d7a4342d6, type: 3}
      propertyPath: m_LocalRotation.y
      value: -0
      objectReference: {fileID: 0}
    - target: {fileID: 1677350211307974929, guid: c7ee23302dc5b89488e2193d7a4342d6, type: 3}
      propertyPath: m_LocalRotation.z
      value: -0
      objectReference: {fileID: 0}
    - target: {fileID: 1677350211307974929, guid: c7ee23302dc5b89488e2193d7a4342d6, type: 3}
      propertyPath: m_LocalEulerAnglesHint.x
      value: 0
      objectReference: {fileID: 0}
    - target: {fileID: 1677350211307974929, guid: c7ee23302dc5b89488e2193d7a4342d6, type: 3}
      propertyPath: m_LocalEulerAnglesHint.y
      value: 0
      objectReference: {fileID: 0}
    - target: {fileID: 1677350211307974929, guid: c7ee23302dc5b89488e2193d7a4342d6, type: 3}
      propertyPath: m_LocalEulerAnglesHint.z
      value: 0
      objectReference: {fileID: 0}
    - target: {fileID: 2021260322182032299, guid: c7ee23302dc5b89488e2193d7a4342d6, type: 3}
      propertyPath: m_Name
      value: Box
      objectReference: {fileID: 0}
    - target: {fileID: 2021260322182032299, guid: c7ee23302dc5b89488e2193d7a4342d6, type: 3}
      propertyPath: m_IsActive
      value: 1
      objectReference: {fileID: 0}
    - target: {fileID: 5138392529088932106, guid: c7ee23302dc5b89488e2193d7a4342d6, type: 3}
      propertyPath: id
      value: 0
      objectReference: {fileID: 0}
    - target: {fileID: 8491353068940398826, guid: c7ee23302dc5b89488e2193d7a4342d6, type: 3}
      propertyPath: id
      value: 0
      objectReference: {fileID: 0}
    m_RemovedComponents: []
  m_SourcePrefab: {fileID: 100100000, guid: c7ee23302dc5b89488e2193d7a4342d6, type: 3}
--- !u!4 &327539408307928947 stripped
Transform:
  m_CorrespondingSourceObject: {fileID: 3079371931861807354, guid: c7ee23302dc5b89488e2193d7a4342d6, type: 3}
  m_PrefabInstance: {fileID: 3330279088413527945}
  m_PrefabAsset: {fileID: 0}
--- !u!4 &1531360743000268907 stripped
Transform:
  m_CorrespondingSourceObject: {fileID: 4285169911989186530, guid: c7ee23302dc5b89488e2193d7a4342d6, type: 3}
  m_PrefabInstance: {fileID: 3330279088413527945}
  m_PrefabAsset: {fileID: 0}
--- !u!4 &2531219475562373318 stripped
Transform:
  m_CorrespondingSourceObject: {fileID: 943281591268863823, guid: c7ee23302dc5b89488e2193d7a4342d6, type: 3}
  m_PrefabInstance: {fileID: 3330279088413527945}
  m_PrefabAsset: {fileID: 0}
--- !u!4 &4135237063480871453 stripped
Transform:
  m_CorrespondingSourceObject: {fileID: 1681205078675047828, guid: c7ee23302dc5b89488e2193d7a4342d6, type: 3}
  m_PrefabInstance: {fileID: 3330279088413527945}
  m_PrefabAsset: {fileID: 0}
--- !u!4 &4138986242446261912 stripped
Transform:
  m_CorrespondingSourceObject: {fileID: 1677350211307974929, guid: c7ee23302dc5b89488e2193d7a4342d6, type: 3}
  m_PrefabInstance: {fileID: 3330279088413527945}
  m_PrefabAsset: {fileID: 0}
--- !u!114 &7600030977755260547 stripped
MonoBehaviour:
  m_CorrespondingSourceObject: {fileID: 5138392529088932106, guid: c7ee23302dc5b89488e2193d7a4342d6, type: 3}
  m_PrefabInstance: {fileID: 3330279088413527945}
  m_PrefabAsset: {fileID: 0}
  m_GameObject: {fileID: 0}
  m_Enabled: 1
  m_EditorHideFlags: 0
  m_Script: {fileID: 11500000, guid: f74bb796b11724f4b95a0b9a682c7754, type: 3}
  m_Name: 
  m_EditorClassIdentifier: 
--- !u!4 &9055392254510054284 stripped
Transform:
  m_CorrespondingSourceObject: {fileID: 6024884364723745797, guid: c7ee23302dc5b89488e2193d7a4342d6, type: 3}
  m_PrefabInstance: {fileID: 3330279088413527945}
  m_PrefabAsset: {fileID: 0}
--- !u!1001 &3892822016034216228
PrefabInstance:
  m_ObjectHideFlags: 0
  serializedVersion: 2
  m_Modification:
    m_TransformParent: {fileID: 9055392254510054284}
    m_Modifications:
    - target: {fileID: 5009703329880967741, guid: ba880a4dfdc64d24c9d64254154f0c77, type: 3}
      propertyPath: m_Name
      value: Coffee Cup A
      objectReference: {fileID: 0}
    - target: {fileID: 5009703329880967741, guid: ba880a4dfdc64d24c9d64254154f0c77, type: 3}
      propertyPath: m_IsActive
      value: 0
      objectReference: {fileID: 0}
    - target: {fileID: 5678434460275953799, guid: ba880a4dfdc64d24c9d64254154f0c77, type: 3}
      propertyPath: m_RootOrder
      value: 0
      objectReference: {fileID: 0}
    - target: {fileID: 5678434460275953799, guid: ba880a4dfdc64d24c9d64254154f0c77, type: 3}
      propertyPath: m_LocalPosition.x
      value: 0
      objectReference: {fileID: 0}
    - target: {fileID: 5678434460275953799, guid: ba880a4dfdc64d24c9d64254154f0c77, type: 3}
      propertyPath: m_LocalPosition.y
      value: 0
      objectReference: {fileID: 0}
    - target: {fileID: 5678434460275953799, guid: ba880a4dfdc64d24c9d64254154f0c77, type: 3}
      propertyPath: m_LocalPosition.z
      value: 0
      objectReference: {fileID: 0}
    - target: {fileID: 5678434460275953799, guid: ba880a4dfdc64d24c9d64254154f0c77, type: 3}
      propertyPath: m_LocalRotation.w
      value: 1
      objectReference: {fileID: 0}
    - target: {fileID: 5678434460275953799, guid: ba880a4dfdc64d24c9d64254154f0c77, type: 3}
      propertyPath: m_LocalRotation.x
      value: 0
      objectReference: {fileID: 0}
    - target: {fileID: 5678434460275953799, guid: ba880a4dfdc64d24c9d64254154f0c77, type: 3}
      propertyPath: m_LocalRotation.y
      value: -0
      objectReference: {fileID: 0}
    - target: {fileID: 5678434460275953799, guid: ba880a4dfdc64d24c9d64254154f0c77, type: 3}
      propertyPath: m_LocalRotation.z
      value: -0
      objectReference: {fileID: 0}
    - target: {fileID: 5678434460275953799, guid: ba880a4dfdc64d24c9d64254154f0c77, type: 3}
      propertyPath: m_LocalEulerAnglesHint.x
      value: 0
      objectReference: {fileID: 0}
    - target: {fileID: 5678434460275953799, guid: ba880a4dfdc64d24c9d64254154f0c77, type: 3}
      propertyPath: m_LocalEulerAnglesHint.y
      value: 0
      objectReference: {fileID: 0}
    - target: {fileID: 5678434460275953799, guid: ba880a4dfdc64d24c9d64254154f0c77, type: 3}
      propertyPath: m_LocalEulerAnglesHint.z
      value: 0
      objectReference: {fileID: 0}
    m_RemovedComponents: []
  m_SourcePrefab: {fileID: 100100000, guid: ba880a4dfdc64d24c9d64254154f0c77, type: 3}
--- !u!1001 &4013784630424572225
PrefabInstance:
  m_ObjectHideFlags: 0
  serializedVersion: 2
  m_Modification:
    m_TransformParent: {fileID: 2897658932853474496}
    m_Modifications:
    - target: {fileID: 1677350211307974929, guid: c7ee23302dc5b89488e2193d7a4342d6, type: 3}
      propertyPath: m_RootOrder
      value: 9
      objectReference: {fileID: 0}
    - target: {fileID: 1677350211307974929, guid: c7ee23302dc5b89488e2193d7a4342d6, type: 3}
      propertyPath: m_LocalPosition.x
      value: -0.01
      objectReference: {fileID: 0}
    - target: {fileID: 1677350211307974929, guid: c7ee23302dc5b89488e2193d7a4342d6, type: 3}
      propertyPath: m_LocalPosition.y
      value: -1.881
      objectReference: {fileID: 0}
    - target: {fileID: 1677350211307974929, guid: c7ee23302dc5b89488e2193d7a4342d6, type: 3}
      propertyPath: m_LocalPosition.z
      value: 0.015432618
      objectReference: {fileID: 0}
    - target: {fileID: 1677350211307974929, guid: c7ee23302dc5b89488e2193d7a4342d6, type: 3}
      propertyPath: m_LocalRotation.w
      value: 1
      objectReference: {fileID: 0}
    - target: {fileID: 1677350211307974929, guid: c7ee23302dc5b89488e2193d7a4342d6, type: 3}
      propertyPath: m_LocalRotation.x
      value: -0
      objectReference: {fileID: 0}
    - target: {fileID: 1677350211307974929, guid: c7ee23302dc5b89488e2193d7a4342d6, type: 3}
      propertyPath: m_LocalRotation.y
      value: -0
      objectReference: {fileID: 0}
    - target: {fileID: 1677350211307974929, guid: c7ee23302dc5b89488e2193d7a4342d6, type: 3}
      propertyPath: m_LocalRotation.z
      value: -0
      objectReference: {fileID: 0}
    - target: {fileID: 1677350211307974929, guid: c7ee23302dc5b89488e2193d7a4342d6, type: 3}
      propertyPath: m_LocalEulerAnglesHint.x
      value: 0
      objectReference: {fileID: 0}
    - target: {fileID: 1677350211307974929, guid: c7ee23302dc5b89488e2193d7a4342d6, type: 3}
      propertyPath: m_LocalEulerAnglesHint.y
      value: 0
      objectReference: {fileID: 0}
    - target: {fileID: 1677350211307974929, guid: c7ee23302dc5b89488e2193d7a4342d6, type: 3}
      propertyPath: m_LocalEulerAnglesHint.z
      value: 0
      objectReference: {fileID: 0}
    - target: {fileID: 2021260322182032299, guid: c7ee23302dc5b89488e2193d7a4342d6, type: 3}
      propertyPath: m_Name
      value: Box (18)
      objectReference: {fileID: 0}
    - target: {fileID: 2021260322182032299, guid: c7ee23302dc5b89488e2193d7a4342d6, type: 3}
      propertyPath: m_IsActive
      value: 1
      objectReference: {fileID: 0}
    - target: {fileID: 5138392529088932106, guid: c7ee23302dc5b89488e2193d7a4342d6, type: 3}
      propertyPath: id
      value: 9
      objectReference: {fileID: 0}
    - target: {fileID: 5138392529088932106, guid: c7ee23302dc5b89488e2193d7a4342d6, type: 3}
      propertyPath: direction
      value: 1
      objectReference: {fileID: 0}
    - target: {fileID: 8491353068940398826, guid: c7ee23302dc5b89488e2193d7a4342d6, type: 3}
      propertyPath: id
      value: 17
      objectReference: {fileID: 0}
    m_RemovedComponents: []
  m_SourcePrefab: {fileID: 100100000, guid: c7ee23302dc5b89488e2193d7a4342d6, type: 3}
--- !u!4 &2374794464273178704 stripped
Transform:
  m_CorrespondingSourceObject: {fileID: 1677350211307974929, guid: c7ee23302dc5b89488e2193d7a4342d6, type: 3}
  m_PrefabInstance: {fileID: 4013784630424572225}
  m_PrefabAsset: {fileID: 0}
--- !u!114 &8141645134643918923 stripped
MonoBehaviour:
  m_CorrespondingSourceObject: {fileID: 5138392529088932106, guid: c7ee23302dc5b89488e2193d7a4342d6, type: 3}
  m_PrefabInstance: {fileID: 4013784630424572225}
  m_PrefabAsset: {fileID: 0}
  m_GameObject: {fileID: 0}
  m_Enabled: 1
  m_EditorHideFlags: 0
  m_Script: {fileID: 11500000, guid: f74bb796b11724f4b95a0b9a682c7754, type: 3}
  m_Name: 
  m_EditorClassIdentifier: 
--- !u!1001 &4831917485530385728
PrefabInstance:
  m_ObjectHideFlags: 0
  serializedVersion: 2
  m_Modification:
    m_TransformParent: {fileID: 2897658932853474496}
    m_Modifications:
    - target: {fileID: 1677350211307974929, guid: c7ee23302dc5b89488e2193d7a4342d6, type: 3}
      propertyPath: m_RootOrder
      value: 7
      objectReference: {fileID: 0}
    - target: {fileID: 1677350211307974929, guid: c7ee23302dc5b89488e2193d7a4342d6, type: 3}
      propertyPath: m_LocalPosition.x
      value: -2.56
      objectReference: {fileID: 0}
    - target: {fileID: 1677350211307974929, guid: c7ee23302dc5b89488e2193d7a4342d6, type: 3}
      propertyPath: m_LocalPosition.y
      value: -0.13
      objectReference: {fileID: 0}
    - target: {fileID: 1677350211307974929, guid: c7ee23302dc5b89488e2193d7a4342d6, type: 3}
      propertyPath: m_LocalPosition.z
      value: 0.015432618
      objectReference: {fileID: 0}
    - target: {fileID: 1677350211307974929, guid: c7ee23302dc5b89488e2193d7a4342d6, type: 3}
      propertyPath: m_LocalRotation.w
      value: 1
      objectReference: {fileID: 0}
    - target: {fileID: 1677350211307974929, guid: c7ee23302dc5b89488e2193d7a4342d6, type: 3}
      propertyPath: m_LocalRotation.x
      value: -0
      objectReference: {fileID: 0}
    - target: {fileID: 1677350211307974929, guid: c7ee23302dc5b89488e2193d7a4342d6, type: 3}
      propertyPath: m_LocalRotation.y
      value: -0
      objectReference: {fileID: 0}
    - target: {fileID: 1677350211307974929, guid: c7ee23302dc5b89488e2193d7a4342d6, type: 3}
      propertyPath: m_LocalRotation.z
      value: -0
      objectReference: {fileID: 0}
    - target: {fileID: 1677350211307974929, guid: c7ee23302dc5b89488e2193d7a4342d6, type: 3}
      propertyPath: m_LocalEulerAnglesHint.x
      value: 0
      objectReference: {fileID: 0}
    - target: {fileID: 1677350211307974929, guid: c7ee23302dc5b89488e2193d7a4342d6, type: 3}
      propertyPath: m_LocalEulerAnglesHint.y
      value: 0
      objectReference: {fileID: 0}
    - target: {fileID: 1677350211307974929, guid: c7ee23302dc5b89488e2193d7a4342d6, type: 3}
      propertyPath: m_LocalEulerAnglesHint.z
      value: 0
      objectReference: {fileID: 0}
    - target: {fileID: 2021260322182032299, guid: c7ee23302dc5b89488e2193d7a4342d6, type: 3}
      propertyPath: m_Name
      value: Box (17)
      objectReference: {fileID: 0}
    - target: {fileID: 2021260322182032299, guid: c7ee23302dc5b89488e2193d7a4342d6, type: 3}
      propertyPath: m_IsActive
      value: 1
      objectReference: {fileID: 0}
    - target: {fileID: 5138392529088932106, guid: c7ee23302dc5b89488e2193d7a4342d6, type: 3}
      propertyPath: id
      value: 7
      objectReference: {fileID: 0}
    - target: {fileID: 8491353068940398826, guid: c7ee23302dc5b89488e2193d7a4342d6, type: 3}
      propertyPath: id
      value: 15
      objectReference: {fileID: 0}
    m_RemovedComponents: []
  m_SourcePrefab: {fileID: 100100000, guid: c7ee23302dc5b89488e2193d7a4342d6, type: 3}
--- !u!114 &306622585113961546 stripped
MonoBehaviour:
  m_CorrespondingSourceObject: {fileID: 5138392529088932106, guid: c7ee23302dc5b89488e2193d7a4342d6, type: 3}
  m_PrefabInstance: {fileID: 4831917485530385728}
  m_PrefabAsset: {fileID: 0}
  m_GameObject: {fileID: 0}
  m_Enabled: 1
  m_EditorHideFlags: 0
  m_Script: {fileID: 11500000, guid: f74bb796b11724f4b95a0b9a682c7754, type: 3}
  m_Name: 
  m_EditorClassIdentifier: 
--- !u!4 &6073471864451742801 stripped
Transform:
  m_CorrespondingSourceObject: {fileID: 1677350211307974929, guid: c7ee23302dc5b89488e2193d7a4342d6, type: 3}
  m_PrefabInstance: {fileID: 4831917485530385728}
  m_PrefabAsset: {fileID: 0}
--- !u!1001 &4876088299941477030
PrefabInstance:
  m_ObjectHideFlags: 0
  serializedVersion: 2
  m_Modification:
    m_TransformParent: {fileID: 1531360743000268907}
    m_Modifications:
    - target: {fileID: 4987368742775660851, guid: c2ea3643fc363154cbbb2caceda7c080, type: 3}
      propertyPath: m_RootOrder
      value: 0
      objectReference: {fileID: 0}
    - target: {fileID: 4987368742775660851, guid: c2ea3643fc363154cbbb2caceda7c080, type: 3}
      propertyPath: m_LocalPosition.x
      value: -0
      objectReference: {fileID: 0}
    - target: {fileID: 4987368742775660851, guid: c2ea3643fc363154cbbb2caceda7c080, type: 3}
      propertyPath: m_LocalPosition.y
      value: 0
      objectReference: {fileID: 0}
    - target: {fileID: 4987368742775660851, guid: c2ea3643fc363154cbbb2caceda7c080, type: 3}
      propertyPath: m_LocalPosition.z
      value: 0
      objectReference: {fileID: 0}
    - target: {fileID: 4987368742775660851, guid: c2ea3643fc363154cbbb2caceda7c080, type: 3}
      propertyPath: m_LocalRotation.w
      value: 1
      objectReference: {fileID: 0}
    - target: {fileID: 4987368742775660851, guid: c2ea3643fc363154cbbb2caceda7c080, type: 3}
      propertyPath: m_LocalRotation.x
      value: 0
      objectReference: {fileID: 0}
    - target: {fileID: 4987368742775660851, guid: c2ea3643fc363154cbbb2caceda7c080, type: 3}
      propertyPath: m_LocalRotation.y
      value: -0
      objectReference: {fileID: 0}
    - target: {fileID: 4987368742775660851, guid: c2ea3643fc363154cbbb2caceda7c080, type: 3}
      propertyPath: m_LocalRotation.z
      value: -0
      objectReference: {fileID: 0}
    - target: {fileID: 4987368742775660851, guid: c2ea3643fc363154cbbb2caceda7c080, type: 3}
      propertyPath: m_LocalEulerAnglesHint.x
      value: 0
      objectReference: {fileID: 0}
    - target: {fileID: 4987368742775660851, guid: c2ea3643fc363154cbbb2caceda7c080, type: 3}
      propertyPath: m_LocalEulerAnglesHint.y
      value: 0
      objectReference: {fileID: 0}
    - target: {fileID: 4987368742775660851, guid: c2ea3643fc363154cbbb2caceda7c080, type: 3}
      propertyPath: m_LocalEulerAnglesHint.z
      value: 0
      objectReference: {fileID: 0}
    - target: {fileID: 5655784313689996169, guid: c2ea3643fc363154cbbb2caceda7c080, type: 3}
      propertyPath: m_Name
      value: Cocktail C
      objectReference: {fileID: 0}
    - target: {fileID: 5655784313689996169, guid: c2ea3643fc363154cbbb2caceda7c080, type: 3}
      propertyPath: m_IsActive
      value: 0
      objectReference: {fileID: 0}
    m_RemovedComponents: []
  m_SourcePrefab: {fileID: 100100000, guid: c2ea3643fc363154cbbb2caceda7c080, type: 3}
--- !u!1001 &5354286247704337006
PrefabInstance:
  m_ObjectHideFlags: 0
  serializedVersion: 2
  m_Modification:
    m_TransformParent: {fileID: 2897658932853474496}
    m_Modifications:
    - target: {fileID: 1677350211307974929, guid: c7ee23302dc5b89488e2193d7a4342d6, type: 3}
      propertyPath: m_RootOrder
      value: 5
      objectReference: {fileID: 0}
    - target: {fileID: 1677350211307974929, guid: c7ee23302dc5b89488e2193d7a4342d6, type: 3}
      propertyPath: m_LocalPosition.x
      value: -0.01999998
      objectReference: {fileID: 0}
    - target: {fileID: 1677350211307974929, guid: c7ee23302dc5b89488e2193d7a4342d6, type: 3}
      propertyPath: m_LocalPosition.y
      value: 3.4699998
      objectReference: {fileID: 0}
    - target: {fileID: 1677350211307974929, guid: c7ee23302dc5b89488e2193d7a4342d6, type: 3}
      propertyPath: m_LocalPosition.z
      value: 0.015432618
      objectReference: {fileID: 0}
    - target: {fileID: 1677350211307974929, guid: c7ee23302dc5b89488e2193d7a4342d6, type: 3}
      propertyPath: m_LocalRotation.w
      value: 1
      objectReference: {fileID: 0}
    - target: {fileID: 1677350211307974929, guid: c7ee23302dc5b89488e2193d7a4342d6, type: 3}
      propertyPath: m_LocalRotation.x
      value: -0
      objectReference: {fileID: 0}
    - target: {fileID: 1677350211307974929, guid: c7ee23302dc5b89488e2193d7a4342d6, type: 3}
      propertyPath: m_LocalRotation.y
      value: -0
      objectReference: {fileID: 0}
    - target: {fileID: 1677350211307974929, guid: c7ee23302dc5b89488e2193d7a4342d6, type: 3}
      propertyPath: m_LocalRotation.z
      value: -0
      objectReference: {fileID: 0}
    - target: {fileID: 1677350211307974929, guid: c7ee23302dc5b89488e2193d7a4342d6, type: 3}
      propertyPath: m_LocalEulerAnglesHint.x
      value: 0
      objectReference: {fileID: 0}
    - target: {fileID: 1677350211307974929, guid: c7ee23302dc5b89488e2193d7a4342d6, type: 3}
      propertyPath: m_LocalEulerAnglesHint.y
      value: 0
      objectReference: {fileID: 0}
    - target: {fileID: 1677350211307974929, guid: c7ee23302dc5b89488e2193d7a4342d6, type: 3}
      propertyPath: m_LocalEulerAnglesHint.z
      value: 0
      objectReference: {fileID: 0}
    - target: {fileID: 2021260322182032299, guid: c7ee23302dc5b89488e2193d7a4342d6, type: 3}
      propertyPath: m_Name
      value: Box (7)
      objectReference: {fileID: 0}
    - target: {fileID: 2021260322182032299, guid: c7ee23302dc5b89488e2193d7a4342d6, type: 3}
      propertyPath: m_IsActive
      value: 1
      objectReference: {fileID: 0}
    - target: {fileID: 5138392529088932106, guid: c7ee23302dc5b89488e2193d7a4342d6, type: 3}
      propertyPath: id
      value: 5
      objectReference: {fileID: 0}
    - target: {fileID: 5138392529088932106, guid: c7ee23302dc5b89488e2193d7a4342d6, type: 3}
      propertyPath: direction
      value: 1
      objectReference: {fileID: 0}
    - target: {fileID: 8491353068940398826, guid: c7ee23302dc5b89488e2193d7a4342d6, type: 3}
      propertyPath: id
      value: 7
      objectReference: {fileID: 0}
    m_RemovedComponents: []
  m_SourcePrefab: {fileID: 100100000, guid: c7ee23302dc5b89488e2193d7a4342d6, type: 3}
--- !u!114 &937032665883800420 stripped
MonoBehaviour:
  m_CorrespondingSourceObject: {fileID: 5138392529088932106, guid: c7ee23302dc5b89488e2193d7a4342d6, type: 3}
  m_PrefabInstance: {fileID: 5354286247704337006}
  m_PrefabAsset: {fileID: 0}
  m_GameObject: {fileID: 0}
  m_Enabled: 1
  m_EditorHideFlags: 0
  m_Script: {fileID: 11500000, guid: f74bb796b11724f4b95a0b9a682c7754, type: 3}
  m_Name: 
  m_EditorClassIdentifier: 
--- !u!4 &6703920134993292159 stripped
Transform:
  m_CorrespondingSourceObject: {fileID: 1677350211307974929, guid: c7ee23302dc5b89488e2193d7a4342d6, type: 3}
  m_PrefabInstance: {fileID: 5354286247704337006}
  m_PrefabAsset: {fileID: 0}
--- !u!1001 &5981816323375448744
PrefabInstance:
  m_ObjectHideFlags: 0
  serializedVersion: 2
  m_Modification:
    m_TransformParent: {fileID: 4135237063480871453}
    m_Modifications:
    - target: {fileID: 5945018544434771847, guid: e649002e2d0ef6743adf44d24b201d80, type: 3}
      propertyPath: m_Name
      value: Cocktail A
      objectReference: {fileID: 0}
    - target: {fileID: 5945018544434771847, guid: e649002e2d0ef6743adf44d24b201d80, type: 3}
      propertyPath: m_IsActive
      value: 0
      objectReference: {fileID: 0}
    - target: {fileID: 6470303165464227133, guid: e649002e2d0ef6743adf44d24b201d80, type: 3}
      propertyPath: m_RootOrder
      value: 0
      objectReference: {fileID: 0}
    - target: {fileID: 6470303165464227133, guid: e649002e2d0ef6743adf44d24b201d80, type: 3}
      propertyPath: m_LocalPosition.x
      value: -0
      objectReference: {fileID: 0}
    - target: {fileID: 6470303165464227133, guid: e649002e2d0ef6743adf44d24b201d80, type: 3}
      propertyPath: m_LocalPosition.y
      value: 0
      objectReference: {fileID: 0}
    - target: {fileID: 6470303165464227133, guid: e649002e2d0ef6743adf44d24b201d80, type: 3}
      propertyPath: m_LocalPosition.z
      value: 0
      objectReference: {fileID: 0}
    - target: {fileID: 6470303165464227133, guid: e649002e2d0ef6743adf44d24b201d80, type: 3}
      propertyPath: m_LocalRotation.w
      value: 1
      objectReference: {fileID: 0}
    - target: {fileID: 6470303165464227133, guid: e649002e2d0ef6743adf44d24b201d80, type: 3}
      propertyPath: m_LocalRotation.x
      value: 0
      objectReference: {fileID: 0}
    - target: {fileID: 6470303165464227133, guid: e649002e2d0ef6743adf44d24b201d80, type: 3}
      propertyPath: m_LocalRotation.y
      value: -0
      objectReference: {fileID: 0}
    - target: {fileID: 6470303165464227133, guid: e649002e2d0ef6743adf44d24b201d80, type: 3}
      propertyPath: m_LocalRotation.z
      value: -0
      objectReference: {fileID: 0}
    - target: {fileID: 6470303165464227133, guid: e649002e2d0ef6743adf44d24b201d80, type: 3}
      propertyPath: m_LocalEulerAnglesHint.x
      value: 0
      objectReference: {fileID: 0}
    - target: {fileID: 6470303165464227133, guid: e649002e2d0ef6743adf44d24b201d80, type: 3}
      propertyPath: m_LocalEulerAnglesHint.y
      value: 0
      objectReference: {fileID: 0}
    - target: {fileID: 6470303165464227133, guid: e649002e2d0ef6743adf44d24b201d80, type: 3}
      propertyPath: m_LocalEulerAnglesHint.z
      value: 0
      objectReference: {fileID: 0}
    m_RemovedComponents: []
  m_SourcePrefab: {fileID: 100100000, guid: e649002e2d0ef6743adf44d24b201d80, type: 3}
--- !u!1001 &6373062092535399989
PrefabInstance:
  m_ObjectHideFlags: 0
  serializedVersion: 2
  m_Modification:
    m_TransformParent: {fileID: 2531219475562373318}
    m_Modifications:
    - target: {fileID: 1387227384988605545, guid: 75e7c8b88b569b546a63d9ddc0cde4a9, type: 3}
      propertyPath: m_RootOrder
      value: 0
      objectReference: {fileID: 0}
    - target: {fileID: 1387227384988605545, guid: 75e7c8b88b569b546a63d9ddc0cde4a9, type: 3}
      propertyPath: m_LocalPosition.x
      value: 0
      objectReference: {fileID: 0}
    - target: {fileID: 1387227384988605545, guid: 75e7c8b88b569b546a63d9ddc0cde4a9, type: 3}
      propertyPath: m_LocalPosition.y
      value: 0
      objectReference: {fileID: 0}
    - target: {fileID: 1387227384988605545, guid: 75e7c8b88b569b546a63d9ddc0cde4a9, type: 3}
      propertyPath: m_LocalPosition.z
      value: 0
      objectReference: {fileID: 0}
    - target: {fileID: 1387227384988605545, guid: 75e7c8b88b569b546a63d9ddc0cde4a9, type: 3}
      propertyPath: m_LocalRotation.w
      value: 1
      objectReference: {fileID: 0}
    - target: {fileID: 1387227384988605545, guid: 75e7c8b88b569b546a63d9ddc0cde4a9, type: 3}
      propertyPath: m_LocalRotation.x
      value: 0
      objectReference: {fileID: 0}
    - target: {fileID: 1387227384988605545, guid: 75e7c8b88b569b546a63d9ddc0cde4a9, type: 3}
      propertyPath: m_LocalRotation.y
      value: -0
      objectReference: {fileID: 0}
    - target: {fileID: 1387227384988605545, guid: 75e7c8b88b569b546a63d9ddc0cde4a9, type: 3}
      propertyPath: m_LocalRotation.z
      value: -0
      objectReference: {fileID: 0}
    - target: {fileID: 1387227384988605545, guid: 75e7c8b88b569b546a63d9ddc0cde4a9, type: 3}
      propertyPath: m_LocalEulerAnglesHint.x
      value: 0
      objectReference: {fileID: 0}
    - target: {fileID: 1387227384988605545, guid: 75e7c8b88b569b546a63d9ddc0cde4a9, type: 3}
      propertyPath: m_LocalEulerAnglesHint.y
      value: 0
      objectReference: {fileID: 0}
    - target: {fileID: 1387227384988605545, guid: 75e7c8b88b569b546a63d9ddc0cde4a9, type: 3}
      propertyPath: m_LocalEulerAnglesHint.z
      value: 0
      objectReference: {fileID: 0}
    - target: {fileID: 1732684470068233939, guid: 75e7c8b88b569b546a63d9ddc0cde4a9, type: 3}
      propertyPath: m_Name
      value: Cocktail B
      objectReference: {fileID: 0}
    - target: {fileID: 1732684470068233939, guid: 75e7c8b88b569b546a63d9ddc0cde4a9, type: 3}
      propertyPath: m_IsActive
      value: 0
      objectReference: {fileID: 0}
    m_RemovedComponents: []
  m_SourcePrefab: {fileID: 100100000, guid: 75e7c8b88b569b546a63d9ddc0cde4a9, type: 3}
--- !u!1001 &7800119149542046068
PrefabInstance:
  m_ObjectHideFlags: 0
  serializedVersion: 2
  m_Modification:
    m_TransformParent: {fileID: 2897658932853474496}
    m_Modifications:
    - target: {fileID: 1677350211307974929, guid: c7ee23302dc5b89488e2193d7a4342d6, type: 3}
      propertyPath: m_RootOrder
      value: 1
      objectReference: {fileID: 0}
    - target: {fileID: 1677350211307974929, guid: c7ee23302dc5b89488e2193d7a4342d6, type: 3}
      propertyPath: m_LocalPosition.x
      value: 2.53
      objectReference: {fileID: 0}
    - target: {fileID: 1677350211307974929, guid: c7ee23302dc5b89488e2193d7a4342d6, type: 3}
      propertyPath: m_LocalPosition.y
      value: 5.25
      objectReference: {fileID: 0}
    - target: {fileID: 1677350211307974929, guid: c7ee23302dc5b89488e2193d7a4342d6, type: 3}
      propertyPath: m_LocalPosition.z
      value: 0.015432618
      objectReference: {fileID: 0}
    - target: {fileID: 1677350211307974929, guid: c7ee23302dc5b89488e2193d7a4342d6, type: 3}
      propertyPath: m_LocalRotation.w
      value: 1
      objectReference: {fileID: 0}
    - target: {fileID: 1677350211307974929, guid: c7ee23302dc5b89488e2193d7a4342d6, type: 3}
      propertyPath: m_LocalRotation.x
      value: -0
      objectReference: {fileID: 0}
    - target: {fileID: 1677350211307974929, guid: c7ee23302dc5b89488e2193d7a4342d6, type: 3}
      propertyPath: m_LocalRotation.y
      value: -0
      objectReference: {fileID: 0}
    - target: {fileID: 1677350211307974929, guid: c7ee23302dc5b89488e2193d7a4342d6, type: 3}
      propertyPath: m_LocalRotation.z
      value: -0
      objectReference: {fileID: 0}
    - target: {fileID: 1677350211307974929, guid: c7ee23302dc5b89488e2193d7a4342d6, type: 3}
      propertyPath: m_LocalEulerAnglesHint.x
      value: 0
      objectReference: {fileID: 0}
    - target: {fileID: 1677350211307974929, guid: c7ee23302dc5b89488e2193d7a4342d6, type: 3}
      propertyPath: m_LocalEulerAnglesHint.y
      value: 0
      objectReference: {fileID: 0}
    - target: {fileID: 1677350211307974929, guid: c7ee23302dc5b89488e2193d7a4342d6, type: 3}
      propertyPath: m_LocalEulerAnglesHint.z
      value: 0
      objectReference: {fileID: 0}
    - target: {fileID: 2021260322182032299, guid: c7ee23302dc5b89488e2193d7a4342d6, type: 3}
      propertyPath: m_Name
      value: Box (2)
      objectReference: {fileID: 0}
    - target: {fileID: 2021260322182032299, guid: c7ee23302dc5b89488e2193d7a4342d6, type: 3}
      propertyPath: m_IsActive
      value: 1
      objectReference: {fileID: 0}
    - target: {fileID: 2678207819402940155, guid: c7ee23302dc5b89488e2193d7a4342d6, type: 3}
      propertyPath: listItemContainer.Array.size
      value: 1
      objectReference: {fileID: 0}
    - target: {fileID: 3623126691136758966, guid: c7ee23302dc5b89488e2193d7a4342d6, type: 3}
      propertyPath: m_LocalPosition.x
      value: 0
      objectReference: {fileID: 0}
    - target: {fileID: 3623126691136758966, guid: c7ee23302dc5b89488e2193d7a4342d6, type: 3}
      propertyPath: m_LocalPosition.y
      value: 0
      objectReference: {fileID: 0}
    - target: {fileID: 5138392529088932106, guid: c7ee23302dc5b89488e2193d7a4342d6, type: 3}
      propertyPath: id
      value: 1
      objectReference: {fileID: 0}
    - target: {fileID: 5138392529088932106, guid: c7ee23302dc5b89488e2193d7a4342d6, type: 3}
      propertyPath: direction
      value: 2
      objectReference: {fileID: 0}
    - target: {fileID: 8491353068940398826, guid: c7ee23302dc5b89488e2193d7a4342d6, type: 3}
      propertyPath: id
      value: 2
      objectReference: {fileID: 0}
    m_RemovedComponents: []
  m_SourcePrefab: {fileID: 100100000, guid: c7ee23302dc5b89488e2193d7a4342d6, type: 3}
--- !u!114 &3130190641451044990 stripped
MonoBehaviour:
  m_CorrespondingSourceObject: {fileID: 5138392529088932106, guid: c7ee23302dc5b89488e2193d7a4342d6, type: 3}
  m_PrefabInstance: {fileID: 7800119149542046068}
  m_PrefabAsset: {fileID: 0}
  m_GameObject: {fileID: 0}
  m_Enabled: 1
  m_EditorHideFlags: 0
  m_Script: {fileID: 11500000, guid: f74bb796b11724f4b95a0b9a682c7754, type: 3}
  m_Name: 
  m_EditorClassIdentifier: 
--- !u!4 &8897056963752151141 stripped
Transform:
  m_CorrespondingSourceObject: {fileID: 1677350211307974929, guid: c7ee23302dc5b89488e2193d7a4342d6, type: 3}
  m_PrefabInstance: {fileID: 7800119149542046068}
  m_PrefabAsset: {fileID: 0}
